3050 4875
1060 434 1474 487 cAnmmm
1528 437 1673 487 ma.
1721 439 1830 486 ιιι.
1874 424 1940 487 3.

748 575 982 642 Celent
1011 577 1240 641 inultae
1265 598 1283 657 3
1330 582 1462 641 stet
1495 576 1907 661 Capitolium

835 677 1151 760 Fulgens,
1182 679 1733 763 triumphatisque
1762 681 1980 762 possit

920 777 1145 843 Roma
1168 778 1362 843 ferox
1396 780 1556 843 dare
1580 783 1737 864 jura
1763 779 2010 844 Medis·

744 879 1104 944 Horrenda
1131 882 1268 945 late
1294 899 1535 945 nomen
1569 882 1638 946 in
1666 882 1934 945 ultimas

745 980 1099 1046 Extendat
1127 1002 1318 1062 oras3
1366 1001 1502 1065 qua
1533 982 1793 1046 medius
1823 982 2051 1065 liquor

828 1081 1129 1146 Secernit
1156 1081 1470 1165 Europen
1502 1084 1590 1147 ab
1622 1083 1815 1161 Afro,

914 1181 1075 1261 Qua
1102 1184 1397 1247 tumidus
1425 1184 1595 1266 rigat
1624 1202 1785 1248 arva
1819 1183 2064 1248 Nilus:

741 1281 1000 1347 Aurum
1032 1286 1449 1369 irrepertum,
1480 1291 1545 1349 et
1575 1287 1673 1349 sic
1701 1286 1939 1348 melius
1972 1286 2194 1362 situm,

397 1428 597 1479 Paem‘dis
613 1445 781 1493 greges
802 1432 1070 1494 lasciviunt,
1084 1440 1130 1483 et
1152 1433 1314 1482 beuaoe
1335 1435 1497 1484 illoesoe
1505 1432 1660 1493 soetns
1677 1448 1786 1482 suos
1799 1433 2100 1493 abscondent,
2120 1432 2286 1481 stabile
2288 1431 2467 1496 floreat
2492 1434 2589 1483 Ca-

391 1495 629 1557 pitolium,
649 1501 696 1544 et
721 1495 873 1545 Roma
894 1497 1106 1546 bellicosa
1127 1500 1254 1559 leges
1271 1498 1474 1561 &repom
1496 1498 1637 1546 victis
1660 1498 1836 1547 Medis.
1895 1497 2318 1556 luascu-midam&
2339 1499 2502 1560 procul
2523 1499 2588 1547 ad

396 1564 633 1607 extremas
654 1559 781 1608 orbis
794 1566 958 1623 partes
966 1561 1153 1619 [mnam
1171 1568 1435 1625 propaget,-
1466 1562 1567 1611 sive
1589 1562 1671 1610 abi
1688 1576 1817 1610 aare
1845 1561 2123 1621 interfusum
2138 1567 2327 1624 separat
2350 1562 2589 1624 Era-opust

394 1621 453 1672 ab
476 1620 683 1682 Afric-«25
714 1624 813 1673 sive
840 1625 921 1674 ubi
957 1626 1103 1675 Nilus
1135 1628 1441 1676 intumescens
1471 1640 1615 1688 agros
1648 1626 1891 1689 pers-nait
1910 1641 1930 1682 ,-
1959 1626 2232 1687 generosior
2259 1627 2589 1676 contemnendo

1309 1750 1611 1775 maome
1616 1753 1676 1778 00

396 1845 514 1892 gens
536 1830 643 1880 Alt.
666 1835 714 1879 1.
738 1831 873 1895 quod
896 1846 996 1881 non
1018 1832 1277 1895 improbat
1297 1835 1565 1886 ,iana—46
1600 1834 1834 1883 &tendit
1854 1833 2014 1883 Brod.
2048 1834 2129 1895 qai
2150 1835 2330 1884 medius
2352 1834 2510 1885 Dess.
2534 1841 2588 1887 2.

404 1902 458 1944 et
491 1908 618 1945 nnus
653 1895 1103 1947 Bersmanni.—4⁷
1141 1898 1364 1948 δεεστ-πει
1399 1914 1533 1948 nnus
1574 1898 2021 1949 Bersmanni.—49
2056 1899 2166 1948 Hos
2204 1913 2377 1949 versus
2402 1903 2584 1952 ‹so-⁶2.

1379 2012 1600 2062 NOTAE

453 2125 518 2169 44
553 2120 686 2170 Dare
709 2120 828 2183 jara
870 2124 1052 2187 Medis]
1089 2124 1189 2174 Ubi
1234 2139 1444 2186 regnum

391 2196 595 2260 aliquod
653 2197 702 2246 in
758 2199 1076 2261 provinciam
1140 2200 1447 2263 redegerant

392 2271 618 2320 victores
672 2271 908 2335 Romani,
952 2288 1014 2322 eo
1058 2275 1233 2324 statim
1274 2276 1448 2325 mitte-

393 2345 520 2395 bant
540 2346 695 2405 viros,
715 2348 802 2411 qui
815 2347 902 2411 jus
938 2355 991 2398 et
1026 2350 1172 2413 leges
1206 2351 1444 2413 praeseri·

391 2420 595 2474 herent.

453 2498 638 2562 Medis]
660 2499 720 2549 Id
738 2507 839 2562 est,
860 2500 1088 2558 Parthis,
1109 2510 1165 2551 nt
1179 2503 1286 2566 jam
1309 2502 1442 2553 haud

390 2575 548 2624 semel
572 2577 827 2625 annotavi.

454 2653 521 2700 46
558 2650 666 2707 Qua
698 2652 879 2702 medius
914 2653 1066 2718 liquor
1101 2653 1315 2704 Secernit
1344 2656 1443 2704 Eu·

386 2743 530 2795 repen
549 2731 609 2780 ab
632 2732 780 2796 Afro]
835 2732 917 2782 Ad
942 2731 1133 2784 fretum
1158 2749 1318 2798 usque
1342 2735 1446 2784 Ga·

388 2806 637 2859 ditannm.
700 2808 860 2857 Soliu.
882 2809 897 2835 ⁸
919 2808 1162 2858 Oceanus
1185 2808 1251 2858 ab
1275 2810 1444 2859 Occa-

388 2896 449 2931 su
494 2882 783 2946 irrumpens
818 2884 950 2932 laevo
984 2884 1147 2933 latere
1182 2885 1442 2948 Europam

388 2958 545 3014 radit,
566 2956 798 3008 Africam
822 2957 1009 3008 dextro
1030 2974 1047 3018 ;
1082 2959 1254 3009 scissis
1279 2961 1442 3023 Calpe

387 3044 445 3083 et
480 3033 647 3097 Abyla
681 3033 958 3095 montibus,
989 3049 1116 3098 quos
1153 3036 1330 3086 dicunt
1359 3051 1443 3086 co·

387 3109 586 3158 lnmnas
621 3109 883 3171 Herculis,
920 3110 1056 3159 inter
1083 3110 1293 3161 Mauros
1330 3110 1442 3161 fun-

387 3184 529 3233 ditur
551 3191 607 3233 et
633 3184 975 3248 Hispaniam!

453 3264 515 3309 ⁴8
553 3260 660 3316 Qua
703 3260 911 3309 tusuidus
947 3259 1080 3321 rigat
1114 3275 1234 3310 area
1273 3261 1440 3326 Nilus]

385 3334 491 3384 Per
507 3333 760 3397 Africam,
782 3335 1117 3398 AEthioplam,
1143 3335 1437 3401 AEgyptum.

387 3409 499 3460 Cic.
536 3408 601 3460 de
636 3410 764 3460 Nat.
801 3411 960 3460 Deor.
993 3424 1055 3462 ιι.
1091 3424 1142 3460 ιι.
1169 3414 1280 3461 180.
1315 3413 1330 3439 ‘
1355 3412 1439 3461 ΑΞ·

385 3494 602 3549 gyptum
651 3485 803 3535 Nilus
845 3486 1043 3550 irrigat,
1082 3493 1139 3537 et
1174 3500 1292 3536 cnm
1327 3494 1440 3538 tota

269 3617 278 3624 Ι
386 3566 570 3610 aestate
613 3559 849 3610 obrutam
889 3562 1256 3626 oppletamque
1292 3570 1442 3612 tenu·

385 3635 503 3691 erit,
527 3643 636 3684 tum
660 3634 877 3699 recedit,
898 3637 1225 3702 mollitosque
1243 3645 1299 3687 et
1313 3636 1443 3686 obli·

384 3718 549 3761 matos
572 3725 724 3776 agros
755 3711 821 3761 ad
858 3712 1134 3762 serendum
1157 3711 1439 3778 relinquit!

383 3788 519 3837 Piin.
555 3801 608 3837 v.
636 3791 687 3838 9.
714 3794 729 3816 ⁸
756 3787 905 3836 Nilus
928 3787 1139 3838 incertis
1164 3796 1309 3838 ortus
1330 3787 1442 3838 fon-

383 3860 522 3912 tibus
561 3861 602 3911 it
633 3874 728 3924 per
749 3861 956 3911 deserta
978 3869 1035 3912 et
1057 3861 1312 3925 ardentia,
1344 3863 1438 3913 im-

382 3949 563 3985 menso
596 3934 930 3999 longitudinis
951 3937 1125 4000 spatio
1158 3937 1443 4004 ambulans,

387 4045 403 4061 .
429 4044 444 4061 .
465 4043 480 4058 .
506 4046 521 4061 .
544 4010 872 4060 observatum
905 4018 1005 4067 est,
1036 4019 1191 4076 prout
1212 4013 1265 4063 in
1288 4014 1438 4063 Mau-

384 4086 571 4136 ritania
616 4085 763 4135 nives
816 4085 1072 4136 imbresve
1115 4089 1441 4152 satiaverint,

385 4159 461 4210 ita
481 4161 656 4211 Nilum
685 4161 979 4212 increscere
1002 4194 1019 4212 .
1042 4195 1057 4211 .
1080 4195 1098 4213 .
1113 4161 1344 4212 Africam
1369 4164 1437 4213 ab

385 4235 643 4302 AEthiopis
667 4234 990 4301 dispescens,
1007 4271 1022 4286 .
1039 4269 1054 4288 .
1072 4270 1087 4287 .
1102 4235 1227 4287 feris
1249 4245 1306 4287 et
1330 4237 1439 4287 bel-

1529 2125 1625 2175 luis
1657 2124 1901 2191 frequens
2006 2161 2020 2176 .
2043 2161 2056 2176 .
2078 2125 2281 2189 medios
2317 2125 2586 2191 AEthiopas

1526 2211 1672 2254 secat
1694 2240 1708 2254 .
1730 2240 1744 2254 .
1766 2236 1780 2252 .
1795 2238 1809 2254 .
1834 2203 2033 2254 Insulas
2051 2205 2345 2254 innumeras
2367 2205 2587 2268 spargit.

1530 2314 1544 2330 .
1569 2314 1583 2329 .
1608 2315 1622 2330 .
1644 2312 1658 2327 .
1682 2280 1853 2329 Certis
1886 2279 2068 2329 diebus
2091 2287 2242 2329 auctu
2279 2295 2465 2342 magno
2490 2295 2586 2343 per

1526 2362 1687 2405 totam
1712 2355 1965 2418 spatiatus
1989 2354 2287 2418 AEgyptum,
2309 2353 2583 2405 foecundus

1526 2433 1730 2483 innatat
1788 2441 1962 2482 terrm.
2028 2432 2222 2482 Causas
2279 2431 2585 2484 incrementi

1526 2511 1695 2558 varias
1750 2507 2025 2572 prodidere
2052 2544 2065 2558 .
2087 2542 2101 2557 .
2128 2535 2147 2557 .-
2167 2542 2182 2557 .
2208 2508 2391 2572 incipit
2447 2522 2584 2559 cres·

1525 2598 1647 2633 cere
1692 2585 1839 2633 Luna
1883 2599 2033 2644 nova,
2083 2598 2418 2648 quaecumque
2465 2594 2586 2648 post

1524 2660 1802 2709 solstitium
1858 2668 1956 2717 est,
2024 2660 2215 2709 sensim
2276 2660 2581 2724 modiceque

1526 2735 1784 2784 Cancrum
1822 2734 1941 2783 Sole
1976 2741 2299 2794 transeunte,
2321 2733 2586 2784 abundan-

1528 2810 1722 2859 tissime
1767 2816 1936 2858 autem
1976 2810 2220 2858 Leonem.
2285 2807 2490 2858 Residit
2528 2810 2580 2858 in

1523 2885 1761 2947 Virgine.
1787 2882 1967 2932 iisdem
1992 2883 2176 2947 quibus
2216 2885 2448 2932 accrevit
2476 2897 2582 2932 mo-

1524 2960 1623 3010 dis.
1690 2960 1753 3010 ln
1773 2968 1936 3010 totum
1954 2967 2127 3008 antem
2151 2968 2424 3009 revocatur
2442 2961 2583 3011 intra

1522 3037 1679 3100 ripas,
1702 3037 1753 3084 in
1789 3035 1967 3096 Libra,
2002 3041 2057 3083 ut
2082 3033 2243 3084 tradit
2262 3035 2582 3099 Herodotus,

1521 3112 1805 3163 centesimo
1826 3110 1929 3160 die.
1973 3109 2011 3162 J
2017 3117 2181 3159 ustum
2205 3111 2581 3162 incrementum

1520 3194 1605 3237 est
1657 3186 1947 3236 cubitorum
2000 3186 2281 3236 sexdecim.
2346 3187 2579 3239 Minores

1519 3277 1668 3328 aqnae
1707 3275 1808 3311 non
1844 3260 2017 3311 omnia
2055 3260 2261 3324 rigant:
2302 3262 2578 3325 ampliores

1519 3337 1776 3393 detinent,
1814 3336 2013 3385 tardius
2055 3336 2346 3386 recedendo
2370 3371 2384 3386 .
2409 3367 2424 3383 .
2448 3370 2463 3386 .
2489 3372 2502 3388 .
2526 3337 2579 3387 iu

1520 3412 1793 3463 duodecim
1834 3411 2026 3462 cubitis
2064 3409 2251 3462 famem
2293 3414 2454 3463 sentit
2492 3413 2581 3462 ΔΞ·

1520 3496 1734 3553 gyptns,
1773 3487 1827 3537 in
1868 3486 2118 3537 tredecim
2157 3488 2351 3538 esurit=
2394 3497 2580 3554 quatu-

1518 3563 1748 3614 ordecim
1787 3562 1968 3612 cubita
1998 3561 2309 3612 hilaritatem
2334 3561 2579 3630 afferunt,

1519 3639 1813 3705 quindecim
1831 3637 2186 3698 securitatem,
2203 3636 2465 3687 sexdecim
2487 3639 2578 3689 de·

1516 3715 1682 3765 licias.
1762 3714 2050 3763 Maximum
2089 3714 2464 3764 incrementum
2507 3713 2577 3766 ad

1517 3790 1616 3840 hoc
1659 3789 1757 3839 aevi
1801 3788 1904 3838 fuit
1942 3787 2229 3839 cubitorum
2269 3790 2575 3841 octodecim.

1518 3864 1737 3915 Claudio
1776 3862 2058 3927 Principe:
2098 3865 2198 3914 &c.
2267 3864 2374 3913 Nili
2420 3879 2577 3930 aquas

1519 3940 1734 3989 landant
1755 3938 1974 3989 Aristot.
1992 3938 2180 3988 Galen.
2197 3940 2297 3988 &c.
2322 3938 2572 4001 originem

1518 4030 1686 4080 nuper
1703 4015 1971 4080 inquisivit
1993 4014 2201 4064 Isaacus
2216 4014 2447 4064 Vossius.
2492 4016 2575 4067 De

1516 4106 1583 4141 eo
1605 4090 1766 4139 multa
1779 4088 2033 4138 Herodot.
2053 4089 2145 4137 lib.
2171 4102 2234 4138 ιι.
2249 4088 2435 4138 Senec.
2452 4090 2577 4143 Nat.

1517 4166 1620 4217 Qu.
1643 4162 1735 4213 lib.
1757 4176 1839 4212 tv.
1860 4163 2029 4227 Agell.
2055 4176 2108 4213 x.
2127 4167 2179 4213 7.
2202 4168 2299 4216 &c.

1583 4244 1649 4290 49
1688 4240 1875 4290 Anu-um
1914 4240 2217 4303 ἐπιμήκη,
2254 4242 2361 4306 dux]
2423 4241 2571 4294 Ordo
