3050 4875
474 395 613 469 132
1104 437 1117 452 ae
1198 417 1268 479 q.
1314 417 1634 467 ιιοιυιτιι
1684 417 1949 467 rmum

743 545 933 626 Quid
958 542 1324 610 Tiridatem
1357 550 1622 623 terreat,
1656 546 1855 610 unice
2626 548 2669 609 5

738 648 1053 712 Securus,
1143 644 1204 709 Ο
1238 665 1393 730 quae
1420 646 1723 712 fontibus
1751 645 2024 727 integris

824 747 1124 825 GaudeS,
1155 747 1420 831 apricos
1444 753 1633 813 necte
1659 745 1887 825 florea,

916 848 1132 914 Necte
1159 869 1315 914 meo
1348 849 1606 913 Lamiae
1639 868 1990 925 coronam,

744 948 1055 1034 Pimplea
1083 951 1337 1016 dulcis:
1384 952 1472 1015 nil
1503 952 1648 1015 sine
1679 958 1747 1016 te
1774 950 1909 1013 mei

492 1160 733 1219 timemur,
757 1163 922 1224 quidue
947 1162 1156 1211 Tiridati
1175 1160 1486 1219 formidinem
1506 1161 1728 1209 incutiat.
1797 1161 1843 1209 Ο
1862 1159 2080 1222 Pimplea
2095 1161 2277 1226 anatis,
2298 1176 2402 1225 qua
2417 1163 2677 1226 prissan-

494 1225 617 1275 tibus
650 1226 916 1290 delectaris,
938 1227 1121 1289 apricos
1147 1224 1299 1289 flores
1330 1225 1517 1288 colliga,
1552 1224 1772 1273 cor-oliam
1811 1230 1919 1273 texe
1939 1240 2039 1274 meo
2060 1224 2259 1277 Μῶα.
2321 1226 2369 1276 Δ
2534 1229 2677 1280 teni-

1423 1349 1453 1367 O
1456 1348 1787 1368 WON

496 1435 722 1481 vem—4
757 1431 969 1481 Arcens.
989 1439 1044 1481 et
1068 1430 1271 1481 Bonfln.
1292 1444 1389 1479 σω
1408 1435 1458 1479 et
1482 1431 1631 1490 Quid,
1650 1432 1830 1490 &ce-5
1864 1433 1880 1459 ‘
1901 1430 2235 1481 Mithridatem
2255 1432 2461 1496 quidam
2496 1434 2679 1484 Lamb.

495 1509 612 1544 cum
633 1495 807 1559 litura,
827 1496 915 1544 lib.
941 1503 1045 1545 vet.
1066 1495 1294 1556 Tarach.
1316 1493 1451 1544 Λᾶν.
1475 1506 1634 1542 xxvi.
1656 1498 1736 1542 86.
1758 1494 1839 1558 [et
1861 1494 2098 1557 Venett.]
2149 1497 2218 1544 Et
2242 1498 2317 1546 sic
2337 1496 2458 1547 ded.
2479 1498 2680 1548 Bersm.

494 1559 592 1609 Ro.
613 1559 793 1622 Steph.
856 1557 961 1608 Sed
982 1573 1148 1622 neque
1173 1558 1239 1607 de
1272 1572 1459 1620 magno
1481 1558 1572 1606 illo
1592 1557 1919 1612 Mithridate,
1943 1558 2098 1608 Ponti
2121 1561 2184 1609 R.
2208 1560 2318 1622 jam
2358 1576 2384 1609 a
2427 1561 2681 1625 Pompeio

495 1623 656 1679 victo,
676 1636 842 1687 neque
859 1623 925 1671 de
946 1622 1274 1682 Mithridate,
1298 1621 1558 1670 Armeniae
1583 1636 1728 1683 rege,
1755 1623 1841 1687 qui
1865 1623 2068 1672 demum
2088 1623 2184 1672 snb
2205 1625 2413 1674 Tiberio
2434 1625 2683 1687 innotuit,

498 1701 666 1751 neque
688 1688 911 1750 denique
936 1688 1001 1734 de
1018 1686 1345 1741 Mithridate,
1366 1700 1489 1748 rege
1502 1687 1833 1761 Parthorum,
1849 1696 1972 1760 ante
1991 1687 2193 1736 cladem
2210 1688 2384 1737 Crassi
2398 1691 2507 1752 jam
2524 1691 2684 1742 traci-

500 1751 643 1812 dato,
660 1751 879 1808 cogitari
902 1749 988 1800 hic
1013 1757 1204 1814 potest.
1270 1750 1619 1798 Mithradatem
1636 1748 1763 1800 edit.
1783 1750 1987 1798 Rouilhi
2016 1750 2179 1814 Lugd.
2204 1757 2347 1801 1559.
2369 1762 2422 1802 et
2444 1754 2684 1829 quaedam

502 1815 636 1871 aliae,
673 1816 870 1864 solenni
909 1816 1177 1864 varietate.
1241 1813 1535 1877 Tyr-iduum,
1578 1811 1858 1876 Tiridatem,
1896 1815 2197 1877 lerudatem,
2233 1816 2513 1879 Tyr-idota,
2558 1818 2685 1868 {stri-

498 1880 660 1936 datm,
688 1879 988 1928 varietates.
1054 1878 1269 1941 Optime
1291 1886 1419 1941 puto
1442 1875 1602 1925 scribi
1627 1878 1899 1940 Ten-idam,
1929 1877 2206 1941 Τηριδάτην,
2237 1888 2296 1928 ut
2319 1888 2399 1930 est
2421 1896 2504 1944 ap.
2528 1883 2688 1932 Dion.

501 1942 573 1991 Et
594 1943 669 1991 sic
685 1944 747 1992 Τ.
773 1942 956 1991 Faber.
978 1950 1033 1991 et
1057 1941 1265 1992 Dacer.’
1299 1942 1437 1991 Jnui.
1503 1941 1811 1990 Macrianum
1835 1942 1983 1990 Harl.
2007 1947 2055 1992 2.
2124 1945 2245 1998 Quis
2270 1943 2526 1994 Tiridatem
2548 1946 2686 2009 conj.

501 2005 707 2057 Marcii.
746 2006 965 2057 Ascens.
981 2012 1037 2056 et
1053 2007 1230 2071 steph.
1256 2010 1434 2057 ταῦτα
1458 2005 1613 2069 unice,
1627 2004 1943 2056 Securum—9
1963 2009 1979 2035 ‘
2000 2006 2187 2070 Piplea,
2198 2008 2281 2057 vel
2301 2008 2515 2072 Pimplea
2532 2011 2685 2074 vulgo

1476 2132 1689 2183 NOTAE

504 2229 642 2278 Ursa
673 2230 845 2293 Major
888 2237 943 2279 et
981 2229 1176 2294 Minor,
1210 2245 1336 2295 quas
1372 2229 1557 2281 Graeci
1635 2229 1921 2280 nobilitatis
1960 2231 2185 2280 unanimi
2219 2231 2601 2294 conspiratione
2634 2233 2688 2280 in

504 2303 703 2366 ἄρκτους
749 2313 1066 2368 nuncupant.
1150 2306 1232 2356 Ab
1271 2306 1350 2355 hia
1397 2306 1556 2356 Polus
1636 2308 1803 2355 locum
1824 2306 1930 2369 ejus
1949 2305 2121 2357 fuerat
2137 2306 2471 2368 subrogatus:
2494 2314 2549 2358 at
2569 2322 2687 2357 cnm

504 2378 751 2430 Arcticus
782 2380 995 2447 dicitur,
1031 2395 1094 2430 ea
1126 2394 1243 2445 pars
1272 2382 1407 2431 orbis
1441 2395 1555 2446 quaa
1636 2380 1865 2429 audisset
1903 2381 2121 2431 maximo
2155 2381 2463 2446 Scytharum
2501 2384 2692 2434 auxilio

506 2459 589 2508 axi
611 2466 668 2508 et
684 2458 929 2523 Aquiloni
952 2460 1236 2523 propinqua
1254 2467 1352 2510 est.
1397 2458 1555 2508 ovid.

504 2535 652 2585 Faat.
685 2548 771 2584 ιιι.
804 2538 914 2583 107.
962 2533 979 2560 ‘
1005 2535 1134 2584 Esse
1180 2533 1311 2583 duas
1352 2534 1560 2596 Arctos,

506 2622 722 2674 quarum
761 2610 1031 2674 Cynosura
1068 2616 1278 2673 petatur
1316 2609 1562 2672 Sidoniis,

508 2685 735 2735 Helicen
755 2685 918 2735 Graia
941 2686 1116 2735 carina
1136 2692 1283 2734 notet
1300 2685 1336 2733 Γ

573 2764 605 2809 4
629 2759 815 2808 Gelidoe
833 2760 953 2823 ora]
985 2757 1069 2808 Ad
1093 2767 1368 2823 utrumque
1386 2760 1560 2820 polum

510 2835 695 2883 saevire
716 2834 879 2898 frigus
904 2848 1056 2883 nemo
1078 2835 1260 2883 nescit.
1325 2834 1407 2883 Ad
1435 2834 1566 2884 Arc-

511 2909 691 2967 ticum,
744 2922 885 2957 mare
936 2910 1265 2972 congelatum
1311 2923 1401 2957 seu
1454 2910 1564 2972 gla-

511 2985 664 3048 ciale,
711 2985 846 3048 quod
883 2984 1000 3034 anni
1037 2994 1188 3048 parte
1221 2984 1441 3033 maxima
1481 2999 1567 3046 ge-

1639 2455 1917 2506 Phraatem
1952 2457 2130 2520 juvari
2167 2457 2231 2507 ad
2283 2459 2692 2522 recuperandum

1639 2531 1927 2595 imperium,
1961 2533 2034 2581 ita
2072 2533 2378 2596 perterritus
2417 2541 2499 2584 eat
2530 2541 2590 2584 nt
2625 2535 2692 2583 ad

1642 2605 1928 2669 Augustum
1987 2609 2169 2657 relicta
2222 2608 2430 2658 Parthia
2483 2608 2694 2671 fugerit.

1644 2681 1775 2730 Haec
1795 2680 1906 2729 fuse
1926 2679 2121 2732 suntin.
2140 2682 2230 2732 lib.
2245 2695 2383 2732 nn.
2406 2684 2501 2733 snb
2523 2684 2697 2735 finem.

1643 2755 1744 2805 Dio
1767 2756 1855 2805 lib.
1875 2768 1948 2806 u.
1969 2762 2023 2806 et
2044 2770 2139 2806 ιιι.
2161 2757 2432 2809 Plutarch.
2455 2761 2507 2810 in
2529 2760 2699 2811 Anto·

1643 2834 1748 2896 nio,
1772 2836 1871 2882 διο.

1715 2910 1864 2958 Unice
1886 2907 2113 2973 Senam]
2136 2909 2358 2961 Quidam
2379 2924 2575 2972 vocem,
2591 2913 2698 2961 ruri·

1643 2999 1714 3046 ce,
1749 2983 1984 3034 referunt
2016 2983 2081 3033 ad
2119 2986 2332 3034 verbnm
2371 2991 2579 3036 terreat.-
2611 2987 2699 3036 alii

510 3060 563 3108 lu
615 3067 911 3110 concretum
959 3060 1048 3123 sit,
1106 3060 1345 3109 omnihus
1386 3058 1566 3108 auditu
1634 3060 1862 3122 jungunt
1896 3072 2012 3107 cum
2057 3058 2151 3107 hac
2195 3073 2347 3122 voce,
2380 3060 2609 3111 Secum:
2644 3063 2696 3111 id

512 3135 691 3184 saltem
735 3136 1017 3198 cognitum.
1082 3134 1218 3187 Vide
1255 3134 1381 3184 Not.
1414 3148 1570 3197 supra

516 3208 620 3258 Od.
646 3221 789 3258 xxn.
817 3224 888 3258 vs.
908 3215 985 3260 17.
1004 3217 1061 3260 et
1082 3225 1191 3275 aeq.
1238 3210 1411 3259 Terroe
1436 3209 1568 3259 Arc-

514 3283 636 3333 ticae
661 3297 837 3332 versus
857 3283 1079 3333 Boream
1102 3292 1223 3334 sunt
1244 3283 1570 3347 Spitzherga,

517 3358 883 3422 Gronelandia,
908 3359 1059 3409 Nova
1082 3359 1277 3423 Dania,
1296 3359 1574 3409 Estotilan-

517 3435 623 3499 dia,
645 3436 745 3487 dte.
812 3434 923 3483 Has
946 3449 1069 3485 vero
1090 3436 1295 3484 omnino
1323 3434 1572 3484 Boreales

516 3524 620 3559 non
642 3508 843 3558 videtur
864 3508 1100 3558 hahuisse
1125 3509 1178 3557 in
1210 3510 1380 3559 animo
1404 3509 1570 3558 Hora·

517 3589 654 3650 tins;
676 3588 765 3636 sed
790 3588 960 3651 potins
984 3586 1147 3650 magis
1165 3587 1393 3651 cognitas
1409 3586 1571 3648 ipsius

517 3678 652 3727 aero,
673 3670 728 3714 et
749 3664 898 3725 paulo
921 3665 1083 3713 minua
1097 3661 1573 3726 septemtrionales,

521 3753 707 3803 nempe
724 3739 1067 3803 Britanniam,
1089 3739 1338 3801 scotiam,
1358 3736 1574 3789 Germa-

522 3815 679 3874 niam,
702 3816 943 3875 Daciam,
962 3817 1250 3879 Scythiam,
1269 3819 1368 3866 διο.

588 3887 862 3950 Metuatwr]
882 3891 1108 3954 Respicit
1124 3890 1348 3941 fortasse
1363 3891 1426 3940 ad
1447 3890 1575 3940 duas

523 3966 696 4016 clades
712 3966 764 4015 in
783 3964 1066 4016 Gennania
1081 3974 1356 4029 acceptas;
1378 3966 1445 4016 de
1465 3965 1577 4030 qui·

523 4038 621 4088 bna
640 4041 855 4090 sueton.
880 4039 1073 4092 Octav.
1095 4056 1142 4090 c.
1164 4044 1247 4090 28.

590 4119 620 4162 5
648 4114 780 4170 Quid
805 4114 1065 4165 Tiridatem
1086 4114 1286 4180 ter-reat]
1313 4116 1387 4179 Is,
1408 4114 1581 4180 ejecto

526 4189 580 4239 in
614 4191 821 4241 exilium
858 4190 1081 4242 Phraate
1114 4190 1417 4242 Parthorum
1439 4206 1584 4255 rege,

1648 3142 1747 3195 est,
1764 3134 2095 3197 singulariter
2111 3148 2207 3198 ego
2227 3141 2283 3183 et
2297 3137 2518 3185 maxime
2537 3136 2701 3200 abjeci

1649 3223 1862 3272 magnas
1897 3223 2047 3258 curas
2086 3208 2151 3257 de
2185 3210 2493 3274 Republica,
2514 3221 2571 3261 et
2602 3212 2705 3261 Im·

1652 3284 1808 3348 petiis
1845 3292 2139 3334 exterarum
2174 3287 2421 3349 gentium,
2444 3295 2503 3337 ut
2535 3288 2701 3338 Musis

1653 3374 1845 3409 vacem.

1715 3439 1748 3484 6
1784 3435 1830 3483 Ο
1866 3448 1972 3498 φιω
1995 3432 2217 3497 fontibus
2252 3428 2705 3502 integris’Gaadea,

1646 3509 1753 3572 ξω]
1777 3510 1825 3559 O
1849 3512 2019 3572 Musa,
2037 3517 2181 3561 tuum
2203 3518 2286 3562 est
2304 3512 2514 3563 laudare
2536 3529 2705 3565 meum

1652 3583 1907 3647 Lamiam3
1942 3599 2081 3635 meos
2100 3594 2314 3637 conatus
2335 3603 2514 3652 parum
2533 3592 2706 3642 valere

1649 3658 1921 3723 intelligo;
1971 3660 2132 3710 virum
2175 3662 2448 3714 immortali
2495 3665 2706 3730 dignum

1651 3733 1845 3783 honore
1868 3748 1900 3781 a
1923 3741 1975 3783 te
1998 3735 2250 3786 celebrari
2273 3740 2530 3789 convenit.
2568 3741 2708 3805 Ergo

1655 3809 1792 3874 quod
1828 3809 1946 3858 mihi
1984 3810 2284 3874 imprudens
2317 3828 2621 3880 sumseram,
2652 3828 2710 3868 tu

1656 3885 1749 3935 tibi
1774 3900 1998 3933 assumas
2013 3900 2217 3950 oequum
2240 3895 2337 3938 est.

1721 3964 1753 4009 7
1786 3959 2139 4024 Apricosaecte
2162 3960 2339 4025 flores]
2373 3964 2547 4014 Necte
2564 3980 2713 4017 coro·

1660 4051 1765 4086 ram
1810 4051 1875 4086 ex
1921 4036 2132 4101 optimis
2174 4036 2384 4088 floribus
2427 4040 2478 4088 in
2531 4043 2713 4103 aprico

1658 4111 2007 4175 nascentibus,
2028 4111 2214 4177 quibus
2247 4127 2465 4164 exornes
2487 4130 2585 4180 pro
2608 4131 2713 4166 me-

1660 4187 1771 4237 ritis
1794 4201 1962 4237 meum
1987 4187 2203 4237 amicum
2223 4188 2407 4240 AElium
2433 4191 2683 4242 Lamiam.
