3050 4875
508 363 593 426 12
886 381 979 427 ως
1027 381 1510 429 ΤΕΜΡοηιΒυε
1567 379 1964 429 bissonum
2017 381 2334 430 noum-11

507 512 718 572 teste:
785 508 883 572 ita
938 507 1196 572 Statius
1253 508 1500 592 Sylvas
1563 524 1759 572 suas:
1820 509 1916 573 ita
1974 507 2308 574 Martialis
2365 507 2709 592 Epigram—

489 617 716 687 mata,
774 617 851 672 ut
909 608 1357 674 Praefationes
1412 628 1638 674 eorum
1700 608 1897 674 fidem
1953 610 2242 675 faciunt:
2288 610 2387 674 ita
2435 610 2707 676 Persius

506 710 807 790 Satira83
854 711 1183 776 Phaedrus
1236 719 1304 776 et
1360 709 1665 779 Avienus
1722 708 2061 776 Fabulas:
2117 709 2482 790 Ausonius,
2543 712 2710 777 Pru·

506 812 801 889 dentius,
855 811 1201 890 Sidonius,
1244 809 1780 896 Venantiusque‚
1828 831 1956 877 sua
2004 812 2356 895 Carmina3
2399 814 2583 898 quod
2619 834 2707 879 ex

507 932 739 977 eorum
772 913 1083 995 Prologis
1130 913 1400 978 abunde
1444 920 1694 1004 patet.³
1744 912 1930 993 Quid
1961 917 2260 998 quaeris‘l
2350 915 2512 1002 Ipse
2541 933 2709 1001 quo-

507 1033 639 1100 que
672 1014 1004 1080 Horatius
1034 1013 1331 1080 Libellos
1361 1033 1525 1084 suos
1557 1003 1843 1098 junctim
1889 1015 2111 1081 editos
2150 1024 2380 1100 aperte
2407 1019 2705 1098 indicat;

505 1118 798 1203 primum
864 1116 1242 1184 carminum
1307 1116 1553 1182 librum
1610 1136 1702 1182 ex
1761 1116 2092 1201 Prolog03
2159 1121 2525 1185 secundum
2582 1126 2709 1184 ter-

504 1220 803 1304 tiumque
835 1239 953 1302 ⁸eurr
1009 1220 1357 1304 Epilogis3
1418 1220 1699 1303 Epodos
1757 1239 1848 1284 ex
1906 1220 2026 1286 illo
2080 1237 2242 1286 xiv·
2332 1227 2353 1256 ‘
2386 1222 2708 1304 Inceptos

505 1324 669 1389 olim
700 1324 1101 1408 promissum
1131 1343 1397 1389 carmen
1427 1323 1705 1389 lambos
1747 1320 1862 1409 Ad
1891 1323 2294 1389 umbilicum
2315 1324 2646 1391 adducere
2663 1321 2707 1405 ς’

508 1426 896 1492 Sermonum
925 1427 1215 1508 priorem
1259 1427 1503 1491 librum
1530 1446 1618 1490 ex
1651 1446 1847 1491 versu
1880 1426 2142 1500 ultimo,
2185 1432 2206 1462 ‘
2237 1425 2274 1490 I
2300 1446 2466 1509 puer
2495 1434 2704 1509 atque

506 1547 662 1594 meo
693 1529 869 1594 citus
920 1529 1068 1594 haec
1116 1528 1458 1593 subscribe
1506 1526 1842 1594 LtuELLo
1865 1527 1912 1606 ;’
1952 1528 2394 1610 posteriorem
2422 1546 2510 1592 ex
2537 1527 2704 1592 Pro-

504 1632 698 1715 logo:
744 1633 1036 1714 priorem
1070 1650 1230 1695 vero
1268 1630 1723 1713 Epistolarum
1749 1627 1835 1694 'et
1861 1649 1949 1695 ex
1997 1629 2283 1713 Prologo
2311 1635 2377 1694 et
2405 1649 2490 1695 ex
2541 1630 2706 1714 Epi·

503 1733 683 1816 logo.
775 1732 1106 1813 Quartum
1139 1753 1298 1798 vero
1329 1734 1719 1800 carminum
1746 1741 1813 1799 et
1847 1732 2306 1816 Epistolarum
2333 1731 2703 1798 secuudum

507 1841 529 1869 ‘
558 1837 759 1920 longo
779 1835 795 1862 ’
827 1844 982 1921 post
1009 1844 1234 1902 cetera
1262 1841 1283 1871 ‘
1314 1837 1668 1927 intervallo
1687 1836 1704 1861 ’
1727 1836 2008 1900 emissos
2034 1855 2210 1913 esse,
2238 1834 2704 1919 plenissimum

502 1947 609 2005 est
636 1939 934 2004 Suetonii
960 1939 1437 2017 testimonium,
1460 1939 1640 2022 quod
1672 1938 1785 2022 qui
1816 1946 1937 2005 aut
1962 1937 2265 2002 refellere
2292 1951 2412 2003 aut
2439 1936 2702 2002 eludere

505 2048 855 2119 conantur,
912 2041 1176 2107 inanem
1234 2060 1507 2127 operam
1565 2042 1931 2105 insumunt.
2032 2038 2165 2103 His
2209 2039 2357 2122 jam
2410 2039 2701 2123 positis3

502 2144 789 2226 primum
818 2142 1091 2209 Horatii
1140 2143 1334 2228 Opus
1381 2152 1615 2208 statuo
1663 2143 2057 2208 Sermonum
2099 2142 2339 2207 librum
2384 2142 2700 2225 primum,

504 2265 699 2329 quem
750 2246 1037 2310 triennio
1091 2246 1364 2328 perfecit
1411 2246 1584 2309 intra
1639 2262 1848 2308 annos
1903 2243 2127 2308 aetatis
2173 2258 2396 2307 xxm.
2444 2258 2744 2330 xxva·

505 2362 796 2411 xxviu.
845 2356 1092 2431 postea
1131 2347 1500 2412 secundum
1555 2346 1835 2412 triennio
1896 2345 2149 2423 itidem,
2210 2346 2404 2411 aunis
2458 2361 2699 2412 xxxi.

507 2464 771 2514 xxxu.
797 2465 1092 2514 xxxm-
1121 2449 1362 2533 deinde
1390 2446 1669 2533 Epodos
1696 2449 1989 2527 biennio,
2022 2464 2310 2513 xxxiv.
2340 2456 2411 2515 et
2439 2465 2699 2517 xxxv.

503 2560 643 2617 tum
673 2549 1054 2617 Carminum
1098 2552 1337 2617 librum
1381 2552 1668 2634 primum
1713 2552 2026 2631 triennio,
2059 2568 2346 2617 xxxvi.
2378 2568 2698 2618 xxxvii.

424 2650 433 2655 “
506 2669 858 2721 xxxviii.
917 2653 1285 2718 secundnm
1341 2655 1629 2731 biennio,
1701 2670 1831 2718 xi..
1910 2670 2071 2718 xm.
2127 2655 2393 2719 tertium
2449 2657 2701 2739 pariter

502 2757 793 2834 biennio,
838 2772 1030 2821 xmt.
1077 2772 1305 2821 xmn.
1344 2757 1501 2822 inde
1557 2757 2011 2841 Epistolarum
2062 2759 2345 2841 primum
2403 2758 2697 2837 biennio,

506 2874 718 2923 xnvl.
760 2851 1004 2924 xnvn'.
1063 2865 1198 2923 tum
1245 2858 1630 2925 Carminum
1685 2859 1805 2924 lib.
1863 2866 2172 2944 quartum
2229 2865 2299 2929 et
2353 2859 2695 2927 Saeoulare

501 2962 803 3037 triennio,
847 2975 1070 3024 xmx.
1105 2978 1168 3024 ι..
1221 2976 1315 3027 ω.
1362 2967 1699 3044 postremo
1728 2958 1955 3026 Artem
1992 2959 2342 3026 Poeticam
2390 2968 2460 3026 et
2498 2960 2696 3045 Epis-

500 3064 786 3128 tolarum
815 3063 1059 3145 librum
1105 3064 1410 3141 alterum,
1450 3064 1641 3128 annis
1680 3064 1971 3127 incertis.·
2059 3062 2248 3129 Intra
2275 3063 2400 3128 hos
2428 3066 2699 3131 cancel·

499 3165 608 3231 los
637 3165 932 3228 omnium
966 3164 1354 3243 Poematia-n
1385 3164 1640 3229 natales
1684 3182 1840 3229 esse
1888 3165 2255 3247 ponendos,
2285 3174 2355 3230 et
2382 3185 2474 3231 ex
2505 3186 2697 3250 argu·

498 3268 735 3333 mentis
784 3267 1187 3350 singulorum
1233 3274 1300 3330 et
1344 3286 1429 3331 ex
1480 3265 1847 3330 Annalium
1893 3264 2027 3330 fide
2081 3267 2437 3333 constabit.
2528 3268 2694 3337 Inde

500 3376 625 3446 est,
676 3367 859 3452 quod
902 3368 973 3431 in
1020 3366 1460 3434 Semonibus
1509 3375 1584 3431 et
1629 3366 1888 3451 Epodis
1934 3373 2004 3431 et
2046 3366 2433 3433 Carminum
2474 3370 2692 3452 primo

500 3470 736 3536 Caesar
763 3488 1049 3552 semper,
1078 3488 1415 3552 nunquam
1445 3467 1797 3554 Augustus
1842 3468 2115 3550 dicitur3
2155 3470 2407 3554 quippe
2452 3471 2571 3554 qui
2622 3471 2694 3537 id

498 3592 743 3640 nomen
793 3578 1199 3658 consecutus
1260 3580 1384 3675 esty
1435 3591 1610 3638 anno
1667 3571 1931 3637 demum
1992 3572 2224 3637 Flacci
2274 3587 2571 3638 xxxix.
2620 3574 2693 3653 in

498 3675 922 3760 sequentibus
961 3690 1117 3739 vero
1163 3675 1415 3759 passim
1442 3671 1792 3758 Augustus
1836 3672 2268 3758 appellatur!
2353 3672 2523 3738 Inde
2563 3681 2689 3753 est,

562 3903 586 3931 ·
615 3892 673 3944 si
693 3900 841 3944 recte
864 3906 1024 3944 annos
1045 3894 1184 3943 vita
1207 3893 1411 3945 Horatii
1435 3908 1555 3944 eum
1634 3908 1789 3960 quem
1827 3895 1960 3945 libro
1995 3895 2161 3958 primo
2199 3893 2498 3944 Cor-minum
2518 3892 2690 3944 adbuc

499 3972 840 4022 Varronianis
855 3971 1012 4021 Urbis
1026 3971 1263 4023 Condito
1282 3985 1553 4037 compara·
1634 3970 1873 4021 attribuit
1893 3972 2007 4035 ipse
2027 3969 2331 4021 Bentleiusx
2365 3976 2422 4019 et
2441 3969 2555 4033 ipse
2578 3982 2692 4018 rec-

497 4048 577 4098 vit
597 4048 892 4110 Mutunus,
913 4046 1132 4112 Augusti
1153 4048 1553 4112 appellationem
1639 4054 1691 4098 te
1714 4047 1906 4098 retinet
1932 4057 2164 4099 veterem
2187 4048 2394 4097 titulum
2416 4050 2431 4075 ⁶
2452 4046 2584 4097 Ode
2608 4059 2691 4097 te-

499 4112 732 4190 smeepit
749 4123 1071 4174 Octavianus
1082 4122 1321 4187 (ineunte
1331 4114 1550 4178 A.'U.c.
1634 4121 1817 4172 eunde
1871 4120 1992 4173 libri
2044 4123 2197 4186 primi
2241 4122 2307 4172 nd
2359 4120 2690 4187 Augustum·

500 4199 640 4268 727.)
677 4213 813 4251 ωηο
849 4199 1014 4250 adhuc
1049 4198 1259 4250 Horatii
1300 4211 1552 4255 xxxvm.
1633 4198 1753 4250 vid.
1775 4198 1919 4252 (lictu
1937 4197 2100 4259 ibim
2121 4212 2195 4250 n.
2212 4202 2293 4256 29.
2330 4198 2475 4253 Gm.
