3050 4875
1254 394 1322 455 Q,
1370 392 1691 442 nouam
1739 393 2006 443 snaoot

802 536 1019 616 Quem
1045 535 1276 600 mortis
1303 537 1521 600 timuit
1548 534 1842 619 gradum,

890 637 1031 717 Qui
1058 636 1265 703 siccis
1292 636 1511 703 oculis
1534 641 1828 703 monstra
1854 638 2176 717 natantia,

547 814 1070 880 tingemsorsu'durit
1090 813 1174 890 qui
1192 812 1297 865 sine
1316 811 1540 877 ἱασητιίο
1557 811 1746 875 aspexit
1761 812 2210 876 piscesasoastrosos
2225 818 2473 878 mmm
2491 826 2621 863 stare
2639 809 2723 861 ia·

1450 939 1510 961 n
1514 940 1812 963 ΝΟΜ

549 1024 796 1076 structio:
830 1025 948 1077 Quo
980 1036 1079 1074 non
1112 1021 1308 1072 arbiter
1339 1021 1506 1086 major
1525 1021 1709 1072 tollere
1728 1022 1887 1082 freta,
1909 1023 1993 1072 vel
2013 1036 2227 1087 ponere,
2260 1020 2307 1073 si
2338 1022 2485 1082 vult3
2519 1032 2586 1069 ne
2607 1018 2724 1084 quis

548 1089 828 1139 adhibitam
867 1088 1013 1138 nobis
1051 1085 1431 1136 distinctionem
1468 1085 1785 1136 demiretur!
1862 1087 2155 1150 Scaligerns
2192 1085 2408 1147 legerit:
2449 1097 2727 1148 ponet-esest

547 1154 725 1202 tollere.
791 1151 952 1202 Kidd.
973 1166 1087 1200 cum
1111 1151 1284 1200 Bentl.
1305 1151 1422 1199 volt.
1486 1149 1667 1199 Codex
1692 1151 1836 1200 Carr-
1858 1165 1945 1215 ap.
1966 1150 2590 1215 cmquiumfmsen.—1e
2626 1146 2731 1202 Qui

547 1218 688 1266 rectis
702 1215 848 1266 oculis
868 1229 934 1264 ex
956 1215 1258 1279 conjectura
1277 1213 1446 1268 edidit
1467 1213 1643 1264 Bentl.
1681 1228 1903 1281 eumque
1926 1216 2098 1268 secuti
2130 1219 2251 1268 suut
2284 1211 2637 1274 Fursteuberg
2670 1217 2730 1260 et

1526 1339 1743 1392 Nomi·

553 1438 764 1489 Adria!
825 1436 987 1502 Atqui
999 1436 1340 1501 hypercritico
1350 1436 1454 1488 Jul.
1472 1435 1596 1486 Sca·

546 1516 696 1579 liger,
715 1519 731 1544 ⁶
746 1511 1032 1575 Austrum‚'
1056 1513 1245 1577 inquit,
1264 1516 1280 1541 ⁶
1298 1518 1492 1576 prater
1512 1526 1596 1562 ce·

547 1597 686 1642 teros
721 1594 901 1638 ventos
932 1601 1179 1637 summum
1211 1587 1399 1637 babere
1434 1586 1598 1649 impe-

548 1666 682 1714 rinm
704 1663 755 1713 in
776 1676 915 1712 mare
936 1661 1253 1713 Adriaticum
1283 1660 1463 1710 scribit
1488 1660 1596 1711 Ho-

550 1739 744 1789 ratius:
777 1737 915 1802 quod
958 1750 1072 1786 esse
1113 1735 1297 1787 falsum
1339 1736 1598 1798 intelliget

550 1814 778 1880 quisquis
810 1814 941 1864 sciet
978 1811 1302 1868 Adriaticum
1333 1819 1478 1861 recta
1510 1824 1599 1860 ex-

549 1902 758 1942 currere
789 1887 843 1939 in
873 1889 1199 1949 Vulturnum,
1228 1888 1376 1952 cujus
1399 1889 1598 1951 impetu

548 1966 707 2014 etiam
727 1963 918 2015 crescit
938 1962 1086 2013 Ionio
1098 1963 1400 2012 subinvecto
1418 1961 1602 2011 Adria-

551 2037 726 2088 ticum.
794 2039 978 2087 Boram
995 2051 1197 2103 quoque
1213 2038 1499 2101 subjectum
1519 2043 1603 2087 est

553 2113 642 2178 qui
663 2127 730 2162 ex
765 2114 871 2162 alto
904 2112 1096 2174 spirat.
1113 2147 1127 2162 .
1147 2145 1162 2161 .
1178 2147 1193 2161 .
1215 2112 1410 2161 Auster
1429 2119 1603 2161 autem

553 2202 619 2237 ex
665 2186 942 2237 devexiore
981 2195 1129 2250 parte
1160 2186 1288 2237 flans
1331 2187 1606 2251 Apennino

552 2261 837 2325 frangitur:
872 2260 1197 2327 quamobrem
1242 2274 1341 2311 non
1384 2261 1607 2326 subruit,

553 2336 649 2387 sed
692 2335 863 2393 radit:
904 2339 1004 2385 διο.
1068 2334 1144 2386 At
1191 2335 1500 2386 Parthenius
1542 2350 1608 2387 ex

553 2413 717 2464 Petro
736 2411 954 2463 Medius
971 2412 1224 2477 Hispano,
1245 2413 1334 2478 qui
1363 2414 1437 2463 rei
1462 2413 1604 2464 Nau·

554 2491 674 2540 ticoe
706 2495 762 2540 et
798 2496 1066 2538 ventorum
1099 2490 1351 2539 rationem
1380 2490 1605 2540 luculen-

555 2574 636 2617 ter
657 2565 1003 2630 investigavit,
1022 2566 1232 2631 egregie
1251 2565 1466 2617 Poetam
1489 2580 1605 2617 nos·

557 2647 693 2692 trum
717 2648 893 2691 tuetur
913 2648 968 2690 et
994 2641 1253 2692 vindicat:
1288 2647 1304 2671 ‘
1322 2639 1606 2702 Austrum:

553 2717 741 2782 inquit,
756 2717 772 2744 ‘
784 2715 1030 2765 arbitrum
1051 2713 1227 2765 Adria
1243 2721 1384 2767 recte
1402 2717 1477 2767 ait
1496 2717 1546 2766 H
1551 2732 1606 2766 o-

556 2792 756 2845 ratius.’
817 2793 954 2843 Nam
971 2793 1183 2843 etsinon
1200 2794 1403 2843 omnino
1419 2795 1472 2844 in
1498 2795 1608 2845 No·

556 2876 665 2918 tum
711 2874 957 2919 excurrat
997 2866 1322 2918 Adriaticum
1352 2882 1512 2933 mare,
1545 2877 1607 2921 ut

557 2942 744 2997 scribit
778 2943 1037 3006 Scaliger,
1078 2944 1400 2994 nibilominus
1433 2946 1507 2995 ita
1548 2961 1607 2999 se

556 3018 732 3083 babet,
753 3024 812 3067 ut
832 3031 935 3068 nou
960 3017 1122 3069 minus
1155 3018 1220 3068 ab
1242 3018 1434 3071 Austro
1456 3036 1606 3086 quam

557 3111 589 3145 a
625 3093 879 3144 Vulturno
913 3095 1073 3158 possit
1102 3094 1370 3146 concitari.
1434 3097 1608 3147 Enim-

556 3182 681 3219 vero
705 3169 1012 3233 principales
1048 3170 1269 3236 quinque
1301 3172 1445 3223 venti
1477 3172 1606 3223 duas

557 3250 767 3308 quartas
787 3243 1013 3305 babent;
1034 3245 1137 3308 (ita
1158 3247 1438 3311 loquuntur
1460 3249 1607 3298 Nan·

557 3326 628 3369 tae
649 3326 705 3369 et
729 3326 995 3369 ventorum
1017 3320 1171 3384 periti
1189 3320 1231 3384 ς)
1252 3335 1376 3386 ergo
1398 3323 1607 3374 Vultur-

557 3395 611 3443 ni
631 3399 825 3459 quartm
848 3393 966 3445 dum
990 3401 1132 3457 sunt,
1153 3410 1254 3445 nna
1275 3397 1339 3445 ad
1362 3397 1607 3449 subsola-

556 3484 697 3532 nuru,
745 3469 911 3522 altera
962 3469 1027 3517 ad
1072 3469 1319 3520 Austrum
1373 3473 1607 3536 respicit.

557 3545 725 3596 Porro
744 3544 1037 3611 hujusmodi
1059 3546 1198 3594 venti
1222 3547 1531 3611 principales
1552 3557 1608 3600 et

557 3620 749 3685 integri
791 3626 909 3670 octo
947 3617 1273 3682 referuntur;
1312 3621 1451 3670 intra
1480 3638 1607 3687 qnos

558 3696 643 3745 alii
687 3702 807 3746 sunt
838 3709 963 3761 quos
998 3695 1191 3746 medios
1225 3703 1433 3755 vocant,
1467 3698 1607 3749 ‘non

557 3767 793 3835 profecto
810 3769 944 3834 quod
970 3770 1148 3819 minori
1172 3771 1353 3834 spiritu
1376 3785 1438 3821 ac
1456 3772 1607 3821 vehe-

557 3843 751 3900 mentia
771 3840 1008 3892 ferantur
1038 3858 1187 3906 quam
1224 3845 1319 3906 illi,
1355 3845 1449 3897 sed
1470 3844 1607 3909 quod

559 3919 802 3968 incorum
821 3915 992 3966 medio
1009 3916 1399 3970 describantur.’
1422 3920 1607 3986 Itaque

558 4000 666 4049 tam
707 3991 1035 4048 vehementes
1067 4004 1181 4042 esse
1219 4003 1427 4058 quartas
1456 4010 1608 4059 quam

561 4067 891 4131 principales,
946 4068 1271 4137 perspicuum
1321 4068 1409 4119 sit.
1474 4070 1607 4127 Haec

558 4142 649 4190 illi.

621 4214 816 4278 Adria]
832 4214 997 4266 Adriu
1008 4232 1098 4269 seu
1114 4217 1432 4269 Adriaticum
1444 4232 1608 4283 mare,

1673 1435 1828 1485 hodie
1866 1435 2022 1486 Sinus
2052 1436 2304 1497 Venetas,
2331 1434 2472 1483 inter
2497 1428 2731 1491 Italiam,

1674 1510 1942 1567 GrncIam,
1977 1509 2359 1575 Illyricumque,
2387 1507 2542 1572 louge
2562 1504 2734 1572 porri·

1673 1585 1812 1650 gitur
1832 1585 1900 1635 ad
1915 1586 2367 1650 septemtrionem.

1740 1663 1801 1709 1⁷
1835 1660 1988 1717 Quem
2003 1661 2167 1709 mortis
2181 1659 2342 1709 tinniit
2352 1653 2582 1719 mauu]
2602 1652 2732 1706 Qui·

1675 1734 1791 1784 dans
1813 1741 1922 1785 tres
1955 1735 2144 1799 gradus
2174 1734 2353 1785 mortis
2392 1728 2732 1793 afferunt‚fa-

1678 1817 1807 1872 tum,
1844 1810 2152 1874 genituram,
2185 1821 2393 1858 casum:
2438 1805 2526 1856 alii
2548 1804 2730 1855 mortis

1677 1899 1915 1935 accessus
1931 1885 2262 1949 intelligunt:
2286 1889 2432 1933 certe
2452 1893 2632 1945 parum
2661 1876 2733 1932 sd

1679 1974 1805 2010 rem.
1875 1961 2071 2011 Nostra
2103 1959 2341 2010 videatur
2367 1954 2734 2022 interpretatio

1681 2037 1850 2086 verior
1869 2050 1970 2101 quo
1992 2036 2290 2099 simplicior.
2351 2033 2510 2084 Varia
2523 2029 2735 2081 naufra-

1682 2126 1858 2173 gorum
1876 2111 2054 2161 mortis
2067 2124 2277 2174 genera,
2299 2111 2343 2160 si
2362 2108 2524 2166 lubet,
2544 2107 2732 2171 accipe

1682 2183 1924 2236 fluctibus
1954 2185 2247 2248 summergi,
2271 2200 2302 2234 a
2325 2183 2552 2248 piscibus
2571 2183 2735 2234 devo·

1683 2262 1806 2323 rari,
1827 2261 1892 2311 ad
1922 2276 2075 2326 rupes
2109 2262 2272 2324 allidi,
2306 2263 2386 2312 vel
2419 2262 2474 2312 in
2494 2260 2736 2324 scopulos

1685 2334 1966 2386 insulamve
1988 2335 2247 2387 desertam
2266 2336 2407 2401 ejici,
2428 2335 2605 2400 ibique
2626 2348 2754 2402 om·-

1685 2412 1738 2462 ni
1771 2425 1874 2476 ope
1924 2412 2229 2464 destitutum
2274 2412 2642 2481 contabescere
2678 2417 2740 2464 et

1685 2488 1831 2538 mori.
1896 2488 2165 2539 Praeterea
2184 2488 2440 2554 contingit
2453 2488 2737 2553 aliquando

1684 2563 1986 2627 navigantes
2006 2571 2319 2631 tempestate
2343 2564 2614 2631 ingruente
2633 2565 2737 2616 dis-

1687 2638 1810 2702 pelli
1831 2639 1895 2688 ad
1920 2639 2160 2691 barbaras
2176 2656 2310 2703 oras,
2327 2640 2417 2691 nbi
2432 2642 2518 2692 vel
2539 2638 2607 2692 ab
2628 2640 2740 2690 An-

1686 2713 2052 2781 thropophagis
2086 2716 2418 2780 dilaniantur,
2452 2718 2537 2767 vel
2571 2715 2736 2766 Idolis

1686 2796 2006 2841 mactantur:
2041 2806 2143 2857 quo
2176 2793 2383 2858 quidem
2415 2790 2514 2843 niti
2546 2804 2739 2857 genere

1683 2871 1885 2917 tantum
1904 2880 2010 2917 non
2038 2867 2263 2918 absumtl
2297 2875 2419 2920 sunt
2440 2867 2659 2920 Orestes
2682 2876 2741 2919 et

1686 2939 1910 3003 Pylades
1958 2942 2096 3007 apud
2148 2942 2416 2993 naricam
2455 2942 2739 3006 regionem.

1685 3016 1819 3066 Vide
1856 3017 2092 3083 Euripid.
2135 3018 2375 3084 Iphigen.
2418 3018 2474 3068 in
2513 3020 2696 3070 'l'auris
2720 3035 2738 3070 t

1684 3091 1807 3142 item
1841 3100 2044 3144 nostras
2077 3094 2208 3145 Not.
2243 3094 2333 3145 111:
2358 3092 2462 3145 Od.
2486 3098 2538 3144 4.
2562 3098 2645 3145 88.
2667 3095 2737 3145 ad

1686 3179 1774 3216 eas
1798 3181 1981 3218 voces:
2011 3173 2030 3201 ⁸
2047 3168 2328 3220 Britannos
2348 3169 2639 3235 hospitibus
2659 3169 2740 3222 fe-

1686 3241 1805 3293 ros.⁹
1866 3241 2019 3293 Adde
2040 3251 2096 3295 et
2116 3244 2271 3306 alind,
2285 3246 2406 3296 navi
2426 3244 2585 3296 etiam
2607 3246 2740 3297 inte·

1687 3333 1798 3382 gra,
1831 3319 2112 3383 pericnlum
2148 3322 2397 3371 moriendi
2424 3324 2508 3373 vel
2539 3323 2626 3373 siti
2653 3323 2740 3372 vel

1685 3392 1820 3443 fame
1842 3392 2138 3445 reflantibus
2155 3403 2212 3446 et
2225 3397 2501 3447 contrariis
2519 3397 2605 3448 diu
2619 3410 2745 3449 ve*

1685 3470 1770 3533 tis,
1790 3470 2026 3520 nimirum
2051 3471 2103 3520 in
2132 3472 2464 3535 navigatione
2484 3474 2704 3533 longiori
2721 3478 2739 3536 3

1685 3544 1794 3594 sive
1816 3558 1932 3595 cum
1955 3559 2092 3611 aqua
2111 3546 2278 3597 dulcis
2289 3547 2404 3611 jam
2432 3561 2550 3598 rara
2572 3548 2637 3598 ad
2662 3549 2743 3598 dl·

1685 3633 1916 3669 mensum
1938 3621 2262 3673 distribuitur
2295 3622 2574 3674 siticulosis
2593 3638 2609 3686 3
2631 3623 2740 3674 sive

1686 3708 1802 3744 cum
1845 3693 2203 3747 deficientibus
2239 3699 2473 3749 omnibus
2514 3698 2744 3757 cibariis.

1685 3769 2038 3833 navigantium
2050 3786 2180 3822 unus
2204 3774 2286 3823 vel
2301 3774 2517 3824 aliorum
2537 3776 2744 3839 conspi-

1686 3842 1887 3893 ratione
1922 3846 2004 3894 vel
2037 3855 2177 3897 sorte
2200 3850 2476 3901 assumitur
2499 3850 2744 3916 jugulan-

1687 3917 1798 3981 dus,
1817 3928 2032 3983 urgente
2047 3923 2249 3974 scilicet
2265 3931 2500 3975 extrema
2515 3928 2741 3977 necessi-

1683 3999 1812 4056 tate,
1834 3995 2076 4046 alimento
2104 3998 2292 4048 ceteris
2322 3997 2549 4052 futurus.
2580 4002 2738 4054 Quod

1687 4081 1784 4118 nec
1804 4070 2020 4133 cogitari
2036 4077 2210 4135 potest
2233 4072 2425 4140 absque
2444 4075 2675 4126 horrore.

1753 4149 1814 4195 18
1845 4146 2067 4198 Menum
2094 4149 2340 4214 meantia]
2373 4151 2503 4203 Cete
2522 4153 2741 4217 grandia

1685 4227 1744 4271 et
1764 4220 2017 4295 immania.
2075 4223 2448 4280 ,lovennis-t.
2477 4240 2599 4280 xxv.
2620 4231 2737 4281 28³.
