3050 4875
1212 396 1281 456 Q.
1330 394 1645 443 noas-1³11
1696 394 1961 445 resecr

839 534 1018 600 Inire
1046 535 1260 612 sedes,
1289 535 1532 599 ducere
1561 536 1852 599 nectaris

925 638 1204 714 SuccOS,
1232 643 1300 701 et
1322 637 1573 700 ascribi
1603 636 1851 719 quietis

1009 737 1372 810 Ordinibus
1398 739 1621 820 patiar
1650 738 1967 801 Deorum.

838 841 1018 904 Dum
1045 840 1284 921 longus
1315 839 1486 901 inter
1513 839 1755 903 saeviat
1782 837 1963 900 Ilion

835 940 1261 1024 Romamque
1294 948 1563 1022 pontus,
1593 939 1895 1022 qualibet
1920 939 2157 1006 exules

923 1041 1004 1106 In
1031 1050 1222 1124 parte
1250 1048 1576 1122 regnanto
1607 1041 1833 1121 beati;

1010 1140 1192 1205 Dum
1224 1140 1475 1205 Priami
1507 1140 1913 1224 Paridisque
1945 1142 2148 1206 busto

2589 1143 2676 1204 40

837 1241 1120 1307 Insultet
1142 1252 1534 1319 armentum,
1565 1250 1636 1306 et
1663 1243 1925 1307 catulos
1954 1242 2112 1306 ferae

491 1448 643 1497 mm
662 1447 850 1508 ingredi
869 1447 1154 1497 doniicilian
1176 1448 1434 1510 splendens,
1456 1447 1611 1497 bibere
1629 1453 1866 1497 necemus
1885 1449 2103 1513 liquores,
2123 1453 2266 1512 atque
2284 1449 2529 1498 naniam
2537 1446 2677 1508 felici

489 1525 684 1560 numero
702 1512 950 1561 austeri.
1017 1512 1282 1560 Dan-mm
1305 1511 1493 1571 Trojam
1528 1514 1654 1561 inter
1685 1517 1732 1561 et
1762 1512 1962 1561 Remum
1988 1514 2156 1573 ingens
2189 1528 2319 1562 me
2341 1513 2543 1573 frenat,
2563 1527 2678 1573 qua·

490 1587 683 1638 cumque
701 1575 755 1623 in
776 1577 968 1636 regione
984 1576 1214 1639 tumerent
1236 1575 1482 1635 fortunati
1518 1580 1746 1625 extorres.
1810 1577 1955 1626 Modo
1973 1592 2116 1640 super
2140 1579 2398 1640 sepulcr-sm
2423 1577 2608 1625 Ρνίαιί
2628 1577 2680 1624 et

1395 1719 1761 1749 oxomum

491 1848 595 1945 qflua
613 1833 738 1882 nibil
761 1833 955 1911 tritius,
969 1849 1060 1884 nos
1078 1835 1276 1898 agimus
1292 1835 1346 1885 in
1369 1836 1510 1901 Sylv.
1532 1838 1664 1887 Crit.
1688 1844 1818 1888 sect.
1843 1849 1995 1886 nvi.
2016 1834 2251 1910 fiu.'-34
2284 1839 2300 1863 ⁸
2320 1834 2549 1899 Vulgata
2568 1836 2673 1912 lec-

493 1905 514 1947 t
536 1911 585 1958 o,
605 1899 791 1959 ducere,
812 1908 937 1947 saus
963 1914 1059 1962 per
1079 1914 1135 1949 se
1158 1900 1308 1960 boun,
1331 1908 1390 1950 nt
1412 1915 1453 1951 r.
1476 1901 1583 1951 od.
1608 1906 1688 1952 17.
1711 1905 1796 1951 22.
1861 1900 1965 1950 Sed
1991 1914 2161 1962 prisca
2182 1900 2340 1949 lectio
2363 1900 2494 1948 baud
2518 1901 2671 1949 dubie

490 1963 670 2010 duxere
683 1977 703 2019 ‚·
738 1976 887 2025 quam
919 1961 1032 2026 jam
1053 1971 1176 2012 aute
1198 1965 1377 2015 oculos
1400 1965 1582 2015 habuit
1606 1966 1864 2027 Porphyr.
1888 1964 2184 2027 explicans:
2219 1965 2235 1992 ‘
2256 1977 2555 2013 assuescere
2591 1979 2670 2012 ss-

491 2024 701 2088 poribus
724 2026 982 2075 nectaris!
999 2024 1014 2047 '
1042 2027 1182 2076 δοκεῖ
1247 2029 1385 2079 ltem
1422 2030 1496 2078 sic
1530 2029 1754 2078 Bentleii
1778 2029 1956 2080 (ξι-ων.
1983 2028 2165 2088 Regin.
2186 2026 2415 2088 Magdal.
2450 2044 2479 2076 a
2501 2041 2569 2075 m.
2593 2041 2673 2091 pr.

491 2088 611 2138 Gal.
650 2088 847 2138 Battel.
885 2089 1039 2139 Bodl.
1066 2091 1284 2154 Vigorn.
1320 2098 1376 2142 et
1419 2093 1650 2143 Colbert.
1692 2108 1784 2155 pro
1824 2107 1932 2141 var.
1967 2091 2094 2141 lect.
2128 2091 2230 2141 duo
2262 2092 2413 2140 Torr-
2449 2092 2672 2142 Mentel.

487 2152 717 2202 Helmst.
742 2152 850 2202 Alt.
868 2156 915 2202 2.
940 2155 1081 2217 Lips.
1102 2158 1152 2204 8.
1220 2156 1404 2205 Venet.
1432 2161 1576 2206 1478.
1599 2158 1812 2206 Loclier.
1877 2157 2078 2219 Saepius
2094 2156 2276 2204 discere
2295 2164 2351 2204 et
2370 2156 2534 2205 ducere
2556 2170 2671 2217 per·

487 2222 689 2266 mut-ta
711 2231 740 2265 a
766 2216 966 2266 librarr.
990 2218 1109 2267 vid.
1132 2231 1182 2268 e.
1204 2234 1251 2280 g.
1276 2220 1547 2270 claudian.
1576 2221 1638 2270 R.
1656 2221 1720 2269 P.
1746 2234 1806 2270 n.
1828 2224 1942 2270 ⁸68.
1974 2226 2030 2269 et
2053 2220 2124 2267 ibi
2158 2219 2227 2267 N.
2251 2219 2436 2268 Heius.
2498 2221 2672 2269 Timet

487 2280 661 2330 Bentl.
687 2294 751 2328 ne
786 2282 801 2309 ‘
820 2281 1019 2331 discere
1038 2281 1054 2304 '
1089 2282 1319 2333 includat
1340 2283 1721 2345 difficultatem,
1746 2283 2024 2338 fastidium.
2044 2290 2257 2332 metum.
2321 2284 2468 2333 Harl.
2488 2288 2534 2332 1.
2548 2286 2598 2331 4.
2619 2289 2671 2333 6.

486 2345 665 2393 discere
673 2361 692 2403 ,·
715 2346 908 2408 Delph.
933 2345 1100 2395 Bond.
1124 2347 1384 2407 §ebreveh
1407 2348 1580 2398 Bentl.
1597 2349 1822 2411 Cuning.
1843 2345 2029 2397 Sanad.
2053 2347 2490 2409 Bipont.Mitscb.
2511 2348 2672 2398 Gesn-

487 2408 652 2460 Zeun.
678 2408 856 2459 Comb.
875 2409 1311 2460 wetzel-Wakef.
1328 2419 1382 2462 et
1407 2411 1568 2461 Kidd.
1584 2414 1899 2463 ducere—8⁶1
1935 2411 2078 2472 Line.
2096 2415 2145 2461 8.
2169 2419 2224 2461 et
2247 2410 2453 2474 quidam
2477 2412 2561 2461 alii
2581 2425 2667 2475 ap.

487 2472 632 2534 Jani,
664 2475 971 2537 intermine,
1007 2475 1428 2537 conjuncte.·-⁴1
1468 2476 1759 2526 Helmstad.
1791 2481 1843 2525 at
1873 2478 2197 2526 escalon—48
2232 2477 2407 2538 Ingens
2437 2490 2531 2541 pro
2558 2478 2671 2526 Ful·

1466 2619 1682 2673 NOTAE

550 2719 615 2766 84
650 2717 836 2765 Ducere
855 2717 1061 2766 trecenis
1075 2715 1272 2779 Succos]
1323 2716 1535 2766 Coelesti

483 2791 603 2844 cibo
622 2801 871 2857 potuque,
887 2792 1123 2855 adeoque
1144 2792 1536 2842 immortalitate

483 2865 616 2915 frui:
645 2868 872 2916 Deorum
896 2875 1184 2917 consortem
1203 2882 1334 2917 esse.
1378 2866 1534 2930 Apud

484 2940 697 2990 Pindar.
732 2941 925 2991 dicitur
941 2942 1184 2991 Tantalus
1208 2944 1431 2993 Deorum
1453 2942 1537 2993 fu-

481 3023 624 3064 ratus
647 3025 830 3065 nectar
851 3024 907 3066 et
929 3017 1256 3078 ambrosiam,
1279 3018 1331 3067 in
1349 3019 1536 3082 quibus

481 3091 576 3140 Dii
599 3091 1039 3142 immortalitatem
1064 3100 1360 3156 posuerunt.
1398 3092 1535 3143 Vide

482 3165 697 3215 Lucian.
713 3166 847 3216 Dial.
865 3180 1001 3218 xxv·
1013 3169 1096 3217 cui
1112 3168 1252 3218 titul.
1267 3169 1283 3196 ‘
1300 3168 1535 3218 Deorum

482 3241 767 3291 Concilium
787 3241 832 3302 ς’
856 3244 942 3291 ubi
959 3243 1132 3293 facete
1151 3250 1205 3293 et
1221 3243 1394 3307 lepide
1413 3258 1535 3294 uec·

481 3323 564 3366 tar
586 3326 641 3366 et
664 3316 917 3368 ambrosia
937 3318 1159 3368 deficere
1191 3318 1436 3369 dicuntur
1467 3318 1534 3368 ob

479 3391 860 3442 multitudinem
885 3392 1188 3452 bibentium,
1214 3392 1291 3442 sle
1316 3399 1374 3443 ut
1394 3393 1533 3442 mina

467 3467 578 3530 jam
613 3471 818 3517 constet
852 3469 1141 3517 sextarius:
1176 3467 1313 3517 unde
1344 3476 1399 3518 et
1430 3476 1533 3518 sta·

480 3545 642 3593 tuitur
676 3544 1185 3594 animadvertendum
1233 3545 1284 3593 in
1318 3543 1447 3594 falso
1479 3560 1535 3595 a·

480 3619 721 3681 scriptos,
741 3625 796 3669 et
813 3620 984 3669 nescio
999 3620 1257 3685 quomodo
1274 3620 1534 3671 existima-

480 3700 559 3742 tos
577 3695 741 3744 Deos.
791 3689 806 3706 ⁸

543 3773 606 3817 ³⁶
643 3768 835 3824 Quietis
851 3770 1110 3820 Ordinibus
1121 3772 1352 3836 Deorum]
1373 3773 1529 3837 Apud

477 3842 754 3894 Boethium
772 3845 920 3894 Deus
935 3845 1132 3895 stabilis
1146 3848 1160 3873 ‘
1173 3847 1529 3912 Immotusqne

478 3933 688 3969 maneus
711 3917 803 3968 dat
835 3926 1023 3969 cuncta
1053 3921 1282 3970 moveri!
1347 3922 1530 3985 Virgil-

1615 2716 1685 2766 do
1719 2716 1871 2766 Ilium
1909 2715 2047 2765 inter
2083 2720 2138 2764 et
2178 2716 2388 2765 Romam
2428 2729 2667 2779 magnum

1615 2790 1881 2842 interfluat
1902 2804 2064 2852 mare,
2098 2804 2199 2855 quo
2227 2790 2442 2840 Romani
2464 2807 2494 2841 a
2518 2795 2668 2841 resti·

1617 2867 1809 2916 tuenda
1847 2866 2023 2929 Trojs‚
2060 2866 2446 2930 repetendaque
2491 2875 2668 2917 vetere

1615 2943 1785 3005 patria
1841 2942 2217 3003 deterreantur,
2273 2950 2668 3007 arceanturque,

1617 3016 1846 3081 qualibet
1887 3017 1939 3065 in
1975 3016 2111 3065 orbis
2154 3023 2305 3080 parte
2348 3018 2453 3067 siut
2491 3019 2629 3068 beati
2652 3040 2666 3079 ;

1616 3095 1737 3158 quin
1770 3101 1827 3142 et
1862 3099 2079 3158 regnent
2110 3107 2173 3142 ac
2208 3092 2565 3154 dominentur;
2611 3103 2668 3147 at

1616 3169 1825 3218 exulent
1847 3170 2028 3232 procul
2051 3184 2082 3217 a
2104 3168 2312 3232 regione
2341 3177 2397 3219 et
2429 3171 2539 3221 solo
2575 3185 2666 3236 pa·

1617 3243 1734 3294 trio.

1677 3320 1744 3365 40
1776 3316 1908 3366 Dm
1952 3318 2140 3368 Priami
2193 3317 2476 3380 Paridisque
2516 3321 2666 3383 bauo,

1610 3389 1718 3453 ξω]
1751 3391 1911 3440 Modo
1946 3397 2049 3440 tam
2092 3390 2300 3441 deserta
2334 3393 2403 3442 sit
2435 3392 2664 3455 Trojaua

1615 3471 1771 3522 terra,
1793 3474 1852 3514 ut
1881 3479 2092 3528 gramen
2133 3466 2387 3530 producat
2419 3468 2663 3518 armentis

1610 3540 1880 3602 pascendis
1903 3542 2160 3598 idoneum,
2180 3544 2251 3593 sit
2275 3549 2330 3592 et
2351 3543 2567 3592 lustrum
2585 3542 2662 3592 fe·

1608 3632 1798 3682 rarum,
1823 3617 1910 3668 ubi
1943 3619 2152 3683 impune
2178 3621 2279 3670 ille
2309 3620 2507 3670 catulos
2533 3621 2663 3669 eniti

1607 3699 1664 3743 et
1685 3694 1913 3746 educare
1941 3704 2135 3760 queant
2155 3697 2345 3762 absque
2368 3697 2476 3746 ullo
2497 3705 2660 3747 metu.

1607 3769 1684 3819 Ea
1709 3770 2007 3821 conditione
2019 3779 2125 3821 stet
2141 3772 2473 3835 Capitolium,
2494 3772 2662 3823 Roma

1606 3842 1809 3902 floreat.
1830 3852 1986 3909 atque
2008 3860 2211 3909 nomen,
2233 3846 2420 3897 famam
2444 3848 2659 3911 Imperi·

1607 3933 1795 3984 umque
1816 3919 1882 3969 ad
1906 3921 2113 3971 ultimas
2136 3922 2385 3972 extendat
2408 3936 2541 3971 oras.
2576 3921 2657 3972 Ad

477 3994 594 4044 AEn.
632 4009 708 4045 iv.
745 3999 859 4045 8¹19.
889 3997 904 4023 ⁶
928 3994 1141 4045 Scilicet
1166 3995 1210 4045 is
1230 3997 1432 4059 superis
1455 3999 1528 4047 la·
1602 3993 1877 4045 Orientem
1911 3995 2001 4045 det
2026 3997 2147 4060 jura
2169 3996 2375 4059 Medis3
2412 3998 2476 4048 ad
2501 3999 2660 4048 Occi·

477 4068 573 4117 bor
607 4078 720 4119 est:
757 4085 822 4119 ea
854 4084 979 4119 cura
1018 4070 1219 4133 quietos
1250 4070 1526 4123 Solicitat!

479 4143 684 4208 Nempe
705 4146 860 4194 solius
881 4145 1170 4196 divinitatis
1190 4152 1271 4196 est
1293 4147 1462 4211 quies.

542 4221 603 4267 87
639 4219 770 4270 Dm
787 4220 954 4281 lou-m
973 4221 1115 4279 inter,
1135 4222 1244 4285 qm]
1277 4223 1525 4273 Dummo-

1606 4069 1814 4120 deutem
1836 4071 2102 4137 Hispanis,
2122 4088 2225 4138 qua
2246 4073 2444 4124 medius
2465 4073 2658 4138 liquor,

1606 4149 1705 4195 ὅτε.
1735 4145 1802 4194 sd
1838 4146 2133 4212 meridiem,
2162 4149 2344 4210 Afris3
2379 4163 2482 4215 qua
2503 4152 2655 4201 tumi-

1606 4223 1701 4275 dus
1722 4225 1875 4290 rigat,
1896 4229 1995 4277 erc.
