3050 4875
1165 341 1209 421 ῥ
1281 361 1595 409 noum-11
1649 360 1910 411 resecr

785 500 956 564 Cum
985 507 1056 562 tu
1086 499 1383 564 co'emtos
1413 500 1707 582 undique
1736 500 1996 563 nobiles

787 601 1022 664 Libros
1054 601 1336 679 Panaeti,
1368 601 1777 666 Socraticam
1806 609 1877 663 et
1902 601 2194 676 domum,

872 701 1141 765 Mutare
1170 702 1399 766 loricis
1433 701 1672 774 IberiS,

2539 704 2625 765 15

959 802 1313 867 Pollicitus
1341 803 1637 873 meliora,
1669 799 1924 865 tendis?

447 980 651 1029 Tiberim
670 982 859 1041 regredi
886 995 1036 1043 posse,
1064 983 1247 1043 quando
1270 988 1322 1031 tu
1343 986 1630 1043 comparatos
1649 982 1951 1043 undequaque
1976 980 2186 1029 Peucetii
2207 981 2386 1030 codices
2404 980 2621 1035 eximios,

441 1045 739 1104 etfamiliaris
755 1043 968 1093 Socratis
987 1045 1252 1094 universam
1269 1050 1533 1109 pemuture
1551 1046 1711 1094 studes
1730 1044 1998 1093 thoracibus
2018 1044 2302 1108 Hispanicis
2315 1042 2340 1094 ἲ
2372 1050 2497 1094 certe
2520 1046 2623 1094 laa-

443 1108 675 1157 debiliora
690 1109 990 1172 promiseras.

1356 1184 1714 1205 ‘ulmo

447 1281 599 1332 codd.
625 1288 724 1342 est,
741 1296 834 1345 pro
853 1281 1081 1346 genitivo
1099 1282 1289 1345 accipi,
1304 1288 1358 1332 et
1377 1283 1442 1332 ad
1457 1284 1647 1332 Paaoeti
1667 1282 1847 1332 referri
1854 1267 2201 1348 ,operoseque
2217 1282 2466 1345 ostendit,
2485 1281 2626 1346 quod

446 1358 597 1394 nemo
621 1345 845 1404 dubitat,
868 1346 1156 1395 Panaetium
1181 1361 1333 1409 posse
1356 1346 1463 1395 dici
1481 1346 1725 1396 nobilem
1791 1347 1975 1395 Multoe
1992 1345 2110 1396 edd.
2138 1354 2265 1396 vett.
2283 1318 2626 1395 baben'tnobi·

544 1409 714 1466 ,·alim
736 1382 922 1465 nobilis,
944 1418 995 1458 et
1019 1410 1091 1458 sic
1116 1410 1263 1458 Harl.
1285 1414 1335 1459 2.
1360 1414 1410 1458 3.
1476 1410 1633 1459 Multi
1655 1411 1813 1460 etiam
1838 1409 1987 1459 codd.
2026 1410 2076 1458 in
2114 1409 2296 1474 quibus
2333 1410 2478 1458 Harl.
2504 1414 2550 1458 1.
2573 1413 2625 1459 4.

444 1477 495 1521 5.
517 1478 569 1522 0.
585 1472 774 1522 nobiles·
780 1477 901 1523 -14
940 1473 1586 1522 Socmticamdomamuuus
1604 1475 1930 1532 Bersmauni,
1948 1474 2138 1522 Venet.
2164 1477 2310 1522 1402.
2335 1479 2390 1522 et
2411 1472 2624 1522 Locber.

445 1540 493 1585 et
507 1534 798 1586 Socraticam
816 1539 1002 1585 domum
1027 1535 1222 1586 Ascens
1226 1541 1367 1585 .-15
1388 1537 1586 1587 Hiberis
1609 1538 1782 1586 Bentl.
1802 1543 1856 1586 et
1876 1537 1949 1586 sic
1971 1537 2199 1586 occurrit
2221 1537 2271 1585 iu
2289 1542 2627 1586 mouumentt.

446 1600 607 1663 antiq.

624 1600 714 1649 sed
754 1606 965 1662 praestat
998 1600 1170 1660 Iberis,
1203 1601 1401 1650 Graecis
1441 1602 1581 1649 enim
1616 1600 1861 1649 scribitur
1894 1601 2004 1649 sine
2025 1600 2355 1664 aspiratione.
2357 1606 2486 1649 ·-10
2519 1600 2627 1648 Pro

447 1664 615 1717 tendis,
640 1664 847 1727 quidam
868 1664 1048 1713 Lamb.
1072 1678 1200 1713 nnus
1224 1664 2013 1713 Torreut.Basill.1528.1531.

2047 1665 2236 1713 venet.
2262 1668 2402 1713 1590.
2428 1673 2483 1713 et
2505 1663 2629 1712 Gla·

446 1740 585 1776 rean.
611 1727 943 1810 probanteP.
969 1728 1169 1777 Victor.
1191 1728 1311 1777 Var-
1336 1728 1480 1788 Lect.
1506 1741 1649 1777 xvn.
1671 1731 1751 1777 13.
1783 1729 1971 1787 temnis,
1991 1727 2129 1790 quod
2149 1727 2626 1790 Porphyriointer

447 1793 715 1851 pretatur‘
735 1789 930 1853 audes,’
965 1791 1051 1840 alii
1071 1806 1137 1840 ex

1169 1790 1455 1867 ‘negligis’
1488 1804 1643 1854 supra
1667 1804 1879 1841 xxvlu.
1903 1795 1982 1841 30.
2017 1792 2298 1841 illustrant.
2333 1790 2479 1839 Harl.
2501 1803 2627 1840 vero

449 1856 497 1902 1.
521 1857 569 1902 2.
591 1859 638 1905 3.
659 1859 708 1905 4.
727 1860 775 1904 5.
798 1860 848 1903 0.
871 1855 1061 1920 aliique
1084 1854 1271 1913 nadab,-
1303 1862 1359 1904 et
1379 1855 1454 1904 sic
1472 1856 1623 1918 plane
1648 1853 1853 1903 Fabric.
1885 1855 2095 1917 Uadis,
2114 1869 2208 1919 pro
2231 1852 2538 1904 contendis!

1429 1966 1637 2017 No'rAE

515 2063 575 2108 13
614 2061 735 2110 Cum
772 2066 829 2111 tu
869 2063 1085 2124 colion-tos,
1115 2061 1223 2126 ξω]
1274 2063 1403 2111 Cum
1441 2071 1494 2111 tu

448 2142 663 2196 repente
682 2143 908 2186 mutatus
925 2137 1136 2187 deseras
1155 2138 1494 2200 Philosophiae

446 2209 675 2258 studium
698 2210 835 2273 quod
855 2210 1028 2260 fueras
1044 2213 1326 2276 amplexus,
1341 2221 1496 2277 atque

448 2285 602 2349 longe
618 2287 930 2336 contrariam
950 2286 1144 2339 militia
1161 2302 1346 2352 nempe
1364 2288 1496 2337 viam

451 2360 612 2410 ineas.

515 2443 577 2488 14
612 2437 828 2500 Paaaeti]
851 2439 905 2487 Is
929 2438 1136 2490 natione
1158 2440 1405 2501 Rhodius,
1425 2440 1498 2488 iu·

449 2515 634 2563 stituto
685 2514 911 2577 Stoicus,
955 2513 1210 2578 Scipionis
1265 2514 1501 2565 Africani

451 2603 511 2638 ac
560 2588 707 2638 Laelii
748 2596 1043 2652 pmceptor
1088 2588 1204 2639 fuit.
1279 2589 1500 2654 Scripsit

451 2661 611 2712 libros
648 2669 754 2711 tras
785 2662 889 2726 περὶ
918 2664 1007 2712 τοῦ
1035 2662 1348 2726 Καθήκοντος,
1374 2679 1498 2729 quos

451 2737 649 2798 laudat,
684 2737 935 2800 citatque,
974 2744 1128 2801 atque
1158 2745 1242 2787 cst
1270 2739 1496 2787 imitatus

452 2811 638 2861 Cicero
660 2811 764 2860 suis
799 2812 890 2860 lib.
918 2812 984 2861 de
1008 2810 1222 2863 Officiis.
1290 2814 1353 2862 Α.
1375 2814 1497 2864 Gel-

449 2887 549 2936 lius
603 2898 730 2936 xm.
765 2891 846 2935 20.
893 2888 1263 2952 ‘Legebatur,'
1317 2891 1499 2954 inquit,

450 2964 466 2991 ‘
483 2961 708 3011 Pauaetii
740 2962 1039 3026 Philosophi
1073 2963 1207 3013 liber
1232 2965 1296 3013 de
1316 2963 1498 3015 officiis

450 3037 700 3087 secundus
718 3052 782 3087 ex
803 3037 966 3088 tribus
984 3039 1083 3088 illis
1106 3039 1313 3102 iuclytis
1335 3041 1497 3103 libris,

450 3123 577 3173 quos
611 3112 685 3161 Μ.
721 3113 917 3162 Tullius
953 3127 1139 3177 magno
1179 3129 1295 3164 cum
1331 3115 1502 3164 studio

448 3186 768 3250 maximoque
783 3201 941 3250 opere
956 3191 1224 3240 emulatus
1236 3191 1351 3241 est.’
1371 3193 1499 3243 Tum

449 3272 517 3309 ex
556 3261 730 3309 multis
774 3262 839 3311 ab
884 3276 945 3312 eo
988 3265 1253 3327 sapienter
1286 3266 1498 3329 scriptis

451 3339 506 3382 et
547 3332 648 3382 ‘ad
690 3333 877 3384 bonam
917 3336 1117 3401 frugem
1156 3338 1502 3402 ducentibus,'

449 3422 562 3459 eam
584 3407 738 3459 affert
760 3410 869 3472 ejus
890 3414 1221 3479 sententiam,
1245 3429 1344 3477 qua
1368 3428 1500 3477 prm·

448 3485 600 3548 cipit,
637 3487 875 3549 exemplo
915 3487 1386 3537 Pancratiastarum
1434 3488 1501 3538 ad

450 3559 689 3610 vitandos
712 3561 850 3610 ictus
885 3560 936 3609 iu
959 3561 1343 3622 certaminibus,
1361 3562 1501 3611 omni

448 3647 507 3684 se
550 3635 749 3685 ratione
801 3638 1265 3699 praemunientium,
1309 3637 1501 3688 debere

451 3708 548 3758 viri
573 3710 844 3773 prudentis
879 3720 1106 3762 mentem
1146 3713 1392 3763 adversus
1423 3714 1502 3763 in·

440 3783 609 3849 jurias
630 3800 835 3849 semper
855 3801 966 3837 esse
990 3796 1240 3851 paratam,
1255 3796 1501 3851 erectam,

428 3926 433 3933 .
448 3861 677 3922 arduam,
693 3871 910 3925 septam,
927 3863 1159 3925 solidam,
1179 3865 1499 3928 expeditam.

514 3934 803 3986 Socraticam
826 3938 1033 4002 domum]
1082 3939 1356 3989 Socratica
1393 3940 1497 3989 dis·

450 4008 654 4070 ciplinoe
698 4009 1062 4074 antesignanos
1090 4019 1145 4062 et
1176 4015 1498 4078 corypbaeos,

449 4082 737 4147 Platonem,
811 4086 1222 4151 Xenophontem,
1293 4088 1497 4152 aliaque

450 4154 742 4207 Academia
766 4159 972 4210 lumina.

1642 2066 1701 2111 15
1736 2062 1922 2112 Lot-icis
1963 2063 2138 2127 Iberis]
2187 2062 2287 2112 11ae
2327 2060 2629 2111 ferebantur

1575 2138 1808 2200 optimae,
1826 2138 1892 2188 ob
1912 2138 2150 2187 eximiam
2169 2135 2293 2186 ferri
2312 2143 2632 2200 temperatu-

1577 2213 1905 2277 ram,.iuquit
1922 2212 2163 2261 Torreut.
2201 2219 2258 2260 et
2287 2210 2486 2260 Plinius
2508 2225 2630 2259 aue-

1577 2293 1658 2335 tor
1692 2293 1774 2336 est
1808 2299 2010 2335 xxxiv·
2052 2291 2129 2336 u.
2167 2285 2255 2335 ubi
2301 2286 2376 2334 ita
2412 2285 2626 2335 scribit:

1573 2361 1591 2390 ⁴
1611 2362 1758 2411 Ferri
1779 2362 1992 2411 metalla
2025 2362 2215 2425 ubique
2257 2359 2629 2424 propemodum

1578 2438 1905 2502 reperiuntur
1907 2469 2074 2486 ......
2085 2433 2380 2485 differentia
2396 2432 2519 2485 ferri
2538 2449 2632 2484 uu-

1578 2527 1774 2563 merosa
1779 2543 1930 2562 .....
1949 2511 2210 2561 fornacum
2253 2511 2492 2561 maxima.
2511 2545 2526 2559 .
2546 2545 2561 2560 .
2581 2546 2595 2559 .
2613 2545 2628 2561 .

1582 2602 1780 2637 summa
1794 2596 1964 2636 autem
1987 2586 2038 2635 in
2059 2600 2193 2649 aqna
2214 2595 2315 2647 est,
2339 2586 2422 2635 eni
2456 2585 2632 2635 subin·

1585 2664 1650 2713 de
1673 2662 1901 2713 candens
1936 2663 2273 2725 immergitur.
2342 2661 2477 2710 Haec
2505 2662 2630 2710 alibi

1582 2748 1737 2804 atque
1755 2738 1876 2787 alibi
1894 2736 2069 2786 utilior
2089 2735 2378 2785 nobilitavit
2394 2737 2510 2785 loco
2524 2736 2633 2797 glo·

1585 2815 1661 2863 ria
1683 2812 1829 2873 ferri,
1850 2812 2000 2861 sicuti
2024 2811 2239 2859 Bilbilin
2263 2811 2315 2859 in
2338 2809 2634 2875 Hispani-,³

1578 2893 1678 2939 dte.
1734 2888 1879 2937 Idem
1902 2900 2004 2937 vir.
2025 2890 2107 2935 50.
2127 2887 2201 2935 ait
2223 2886 2430 2936 loricam
2454 2887 2632 2935 iuven·

1581 2973 1683 3013 tam
1722 2978 1752 3012 a
1785 2963 1954 3012 Midia
1991 2962 2269 3011 Messenio.
2334 2961 2499 3010 Porro
2537 2975 2631 3011 uo-

1577 3054 1696 3090 men
1718 3053 1747 3087 a
1770 3039 1916 3100 loris,
1937 3051 1968 3087 e
1985 3037 2171 3102 quibus
2187 3038 2403 3100 primum
2422 3036 2629 3086 confec-

1581 3122 1654 3176 ta,
1678 3112 2002 3179 postmodnm
2031 3114 2183 3176 longe
2215 3114 2316 3162 alia
2342 3122 2514 3163 tamen
2551 3126 2636 3163 re-

1583 3192 1757 3241 tinuit.

1645 3265 1822 3329 Iberis]
1873 3265 2126 3329 Hispania
2167 3278 2232 3313 ex
2275 3264 2532 3317 Strabone
2573 3270 2631 3314 et

1580 3341 1751 3392 Plinio
1773 3342 1919 3390 dicta
1941 3347 2022 3390 est
2052 3339 2228 3388 Iberia
2260 3341 2368 3390 sive
2402 3341 2470 3389 ab
2493 3355 2632 3404 rege,

1580 3418 1688 3467 sive
1723 3431 1753 3465 a
1787 3414 1995 3464 flumine
2018 3414 2184 3463 Ibero.
2257 3413 2372 3463 Hoc
2394 3415 2529 3464 euim
2561 3414 2635 3465 af-

1579 3489 1727 3540 fatim
1767 3490 1964 3552 rigatur
1999 3497 2155 3553 atque
2190 3489 2445 3538 scinditur
2489 3491 2632 3552 regio

1577 3564 1987 3614 Tarraconensis.
2054 3564 2282 3613 Scaturit
2315 3563 2367 3612 iu
2401 3564 2634 3615 castella

1582 3637 1766 3698 veteri,
1806 3635 2130 3701 perfusisque
2180 3637 2334 3685 variis
2380 3638 2533 3686 terris
2577 3640 2629 3687 in

1582 3727 1720 3762 mare
1746 3712 2179 3762 Mediterraneum
2204 3711 2478 3762 delabitur.

1644 3793 1707 3837 10
1740 3788 1992 3837 Pollicitus
2011 3788 2227 3851 meliora]
2261 3788 2533 3837 Meliorem
2551 3802 2633 3837 sa·

1581 3875 1646 3911 ue
1667 3860 1733 3911 de
1768 3870 1821 3912 te
1853 3876 1999 3925 spem
2034 3862 2405 3912 concitaveras.
2472 3863 2632 3912 Certa

1576 3939 1778 4000 militia,
1804 3953 1955 4003 quam
1996 3938 2296 3999 assumsisti,
2318 3938 2556 3987 relictum
2600 3952 2633 3988 a

1578 4021 1631 4064 te
1667 4013 1935 4075 sapientie
1975 4011 2198 4062 studium
2243 4012 2404 4061 multo
2445 4012 2631 4061 melius

1575 4096 1674 4136 cst.

1643 4158 1837 4221 Teu-dis]
1870 4159 2091 4213 Quidam
2114 4160 2293 4223 legunt
2314 4162 2502 4212 tensis.
