3050 4875
1006 401 1421 454 maumam
1475 401 1619 450 me.
1671 403 1722 450 1.
1764 385 1920 450 38.-

599 547 795 613 Mitte
825 548 1092 624 sectari,
1122 565 1282 611 rosa
1310 565 1446 629 quo
1474 545 1773 610 locorum

1118 647 1282 712 Sera
1308 652 1612 712 moretur.

338 865 504 915 omitte
529 866 825 929 perscruter-i
842 866 1008 930 quibas
1027 868 1080 916 ia
1101 865 1371 929 regio-itu
1387 865 1562 914 durent
1586 878 1708 914 ηοω
1727 864 1966 914 serotine.
2033 863 2266 926 Inprimis
2283 864 2466 924 dudm,
2487 874 2546 909 ns

1330 1057 1549 1110 No'rAE

337 1206 671 1256 succrescit.·
707 1205 826 1255 Hac
865 1205 1149 1255 utebantur
1179 1210 1290 1253 tum
1331 1202 1398 1252 ad
1467 1202 1625 1265 jubet
1649 1217 1713 1252 ex
1739 1200 2102 1260 Archestrato,
2140 1201 2157 1229 ‘
2181 1205 2439 1263 perpetuo
2461 1214 2546 1250 co·

336 1280 625 1330 nectendus
668 1278 840 1343 flores,
879 1288 985 1330 tum
1022 1280 1087 1330 ad
1126 1279 1397 1328 lemniscos

336 1355 728 1420 appendendos.
795 1355 934 1406 Plin.
958 1368 1077 1405 xvl.
1100 1359 1179 1404 14.
1210 1355 1227 1383 ‘
1248 1352 1400 1403 Inter

338 1431 588 1480 corticem
632 1438 689 1480 et
727 1431 922 1494 lignum
966 1437 1147 1480 tenues
1192 1430 1401 1490 tunica,

337 1504 617 1568 multiplici
654 1506 971 1566 membrana,
1005 1519 1034 1554 e
1069 1504 1252 1569 quibus
1289 1505 1399 1553 viu·

337 1579 458 1629 oulu
494 1580 620 1629 tuias
655 1586 934 1629 vocantur:
968 1580 1282 1630 tenuissima
1317 1595 1401 1630 ea·

336 1669 449 1703 rum
466 1653 607 1717 phily
615 1668 704 1716 ιω,
721 1668 1024 1704 coronarum
1040 1656 1298 1706 lemniscis
1314 1670 1401 1706 ce·

336 1731 529 1791 lebres,
550 1730 872 1793 antiquorum
895 1730 1122 1779 honore.'
1186 1732 1258 1781 Et
1273 1745 1398 1782 ιιι.

339 1811 388 1856 8.
410 1807 426 1834 ‘
440 1805 656 1855 Crassus
675 1805 838 1867 dives,
858 1806 1051 1872 primus
1070 1815 1289 1870 argento
1312 1823 1401 1857 au·

339 1895 503 1945 toque
528 1880 652 1930 folia
682 1881 935 1942 imitatus,
972 1882 1108 1932 ludis
1129 1883 1235 1931 suis
1255 1898 1400 1933 coro·

338 1971 434 2006 nas
458 1956 621 2007 dedit.
687 1957 1037 2007 Accesserant
1066 1965 1122 2007 et
1152 1958 1401 2021 lemnisci,

338 2046 471 2097 quos
494 2031 649 2096 adjici
669 2032 896 2096 ipserum
914 2047 1218 2082 coronarum
1240 2034 1401 2083 honos

339 2114 455 2156 erat
476 2142 491 2157 .
516 2142 531 2157 .
555 2141 568 2156 .
592 2108 838 2158 Claudius
883 2107 1112 2157 Pulcher
1155 2107 1402 2159 bracteas

339 2183 496 2232 etiam
535 2183 750 2246 philyra
787 2182 970 2234 dedit:
1039 2182 1225 2247 Augei.
1261 2185 1403 2234 Poli-

340 2257 469 2307 tian.
516 2258 738 2308 Miscell.
780 2273 897 2322 cap.
942 2262 1024 2308 ⁷2.
1071 2260 1146 2309 ita
1185 2259 1401 2310 scribit:

339 2334 607 2398 ‘Philyra
651 2349 774 2384 nsus
818 2335 1140 2399 percelebris
1183 2337 1306 2386 olim
1349 2338 1403 2386 in

337 2409 584 2459 texendis
629 2410 865 2460 coronis:
914 2424 945 2461 e
989 2411 1205 2477 philyris
1246 2411 1403 2463 etiam

338 2483 538 2535 fiebant
581 2486 834 2548 lemnisci,
871 2486 925 2536 id
970 2494 1071 2546 est,
1109 2486 1337 2537 fasciolae
1373 2500 1404 2537 e

342 2562 548 2611 coronis
572 2561 846 2624 pendula:

413 2636 635 2700 Corone]
694 2638 795 2689 Hm
834 2637 1031 2690 fiebant
1067 2653 1098 2688 e
1135 2637 1405 2688 frondibus

340 2727 404 2763 ac
429 2711 639 2763 floribus
660 2713 885 2777 hederae,
917 2729 1070 2778 rosa»,
1100 2714 1274 2777 violae,
1295 2715 1405 2764 lau·

343 2790 409 2851 ri,
448 2791 561 2846 lilii.
600 2791 836 2849 narcissi,
873 2791 1049 2856 myrti,
1087 2793 1185 2840 διο.
1222 2790 1404 2855 hisque

342 2866 534 2916 discuti
558 2865 885 2929 ebrietatem,
915 2875 970 2917 et
993 2866 1182 2930 capitis
1201 2865 1405 2916 dolores

343 2942 654 3004 credebant,
675 2958 764 2993 seu
788 2942 1208 3006 constringendo,
1220 2955 1309 2993 seu
1324 2956 1407 2991 re-

342 3017 655 3081 frigerando.
723 3018 991 3068 Plutarch.
1032 3018 1274 3081 Sympos.
1320 3030 1407 3067 ιιι.

348 3099 399 3145 1.
433 3096 449 3124 ‘
472 3095 555 3145 An
587 3097 727 3145 inter
759 3094 1041 3159 potandum
1073 3095 1277 3146 coronis
1314 3091 1407 3143 flo-

346 3169 451 3219 reis
495 3185 557 3220 ac
591 3170 747 3220 sertis
788 3171 1038 3220 utendum
1072 3169 1179 3234 sit,'
1232 3168 1406 3219 multis

348 3244 613 3308 disputat:
651 3246 727 3295 ait
766 3260 906 3304 vero,
938 3246 955 3274 ‘
974 3246 1187 3297 Hedera
1218 3259 1405 3309 crapu-

347 3323 450 3371 lam
494 3321 743 3385 restingui
783 3355 798 3370 .
821 3355 836 3371 .
861 3356 875 3372 .
908 3320 1205 3385 amethysto
1248 3319 1409 3369 herba

348 3397 486 3447 sicut
515 3405 571 3447 et
591 3410 793 3459 gemma
827 3397 1162 3446 vinolentiam
1199 3396 1408 3445 retundi

349 3506 366 3521 .
392 3505 405 3520 .
432 3506 448 3523 .
472 3472 644 3521 viuum
665 3472 939 3537 siquando
976 3480 1138 3537 caput
1172 3478 1408 3522 tentave-

346 3548 436 3609 rit,
456 3544 640 3597 florum
662 3561 838 3598 auram
860 3547 1113 3609 auxiliari,
1130 3554 1185 3597 et
1207 3547 1409 3597 munire

347 3623 594 3673 adversus
639 3623 935 3687 crapulam3
979 3637 1044 3673 eo
1084 3622 1223 3687 qnod
1255 3620 1409 3674 flores

347 3699 505 3750 calidi
564 3699 753 3748 leniter
809 3700 1127 3763 spiramenta
1177 3700 1411 3749 laxantes

348 3774 668 3839 spiraculum
713 3774 833 3823 vino
891 3779 1142 3837 prestant
1163 3789 1179 3821 z
1231 3771 1412 3837 frigidi

350 3867 473 3903 vero
491 3852 695 3902 modice
725 3850 1031 3914 stringendo
1054 3849 1313 3915 repellunt
1335 3849 1411 3898 in-

346 3929 632 3992 hibentque
671 3926 1094 3992 evaporationes:
1129 3938 1229 3974 ceu
1262 3924 1414 3987 viola,

350 4013 406 4056 et
441 4020 635 4057 corona
669 4019 735 4055 ex
772 4002 938 4066 rosis,’
978 4006 1078 4054 dcc.
1143 4003 1215 4053 Et
1244 4015 1311 4051 ex
1332 4002 1412 4051 his

351 4083 569 4148 aliisque
593 4081 789 4132 ibidem
822 4079 1176 4143 compluribus
1198 4080 1413 4130 conclu·

350 4158 448 4217 dit,
469 4158 675 4208 coronis
706 4154 882 4208 floreis
918 4156 1058 4206 iuter
1089 4157 1275 4219 pocula
1293 4169 1411 4205 usos

351 4243 631 4299 propterea
674 4244 903 4285 veteres.
969 4231 1162 4284 Athen.
1203 4245 1291 4282 ιιι.
1329 4236 1411 4281 21.

1478 1279 1617 1327 ronis
1657 1278 1796 1326 inter
1833 1291 2033 1326 coenam
2069 1283 2229 1339 caput
2259 1274 2546 1328 omnifariis

1478 1351 1741 1402 redimiri!
1806 1351 1909 1400 Sed
1951 1365 2048 1402 xv.
2069 1356 2122 1401 5.
2159 1364 2224 1398 ex
2253 1350 2540 1402 Aristotele

1480 1434 1536 1478 et
1560 1428 1818 1485 Aristone.
1859 1425 2108 1478 affirmat:
2143 1427 2433 1492 ‘Antiquos
2473 1429 2542 1479 ob

1481 1506 1672 1568 capitis
1692 1505 2006 1568 gravitatem
2024 1511 2080 1553 et
2108 1503 2337 1553 dolorem
2374 1518 2405 1553 a
2439 1505 2547 1554 vini

1483 1591 1611 1646 potu
1654 1583 1926 1638 vinculum
1967 1580 2289 1645 temporibus
2331 1581 2547 1631 adhibu-

1481 1661 1605 1718 isse,
1648 1660 1784 1724 qnod
1832 1674 1945 1709 eam
1984 1659 2259 1726 ligaturam
2297 1659 2547 1723 prodesse

1482 1735 1793 1785 crederent:
1829 1741 2065 1799 posteros
2105 1742 2299 1797 autem,
2332 1741 2547 1784 ornatus

1481 1821 1536 1862 et
1581 1811 1954 1862 oblectamenti
2002 1810 2188 1872 gretia,
2239 1823 2453 1859 coronas
2494 1810 2548 1859 in

1480 1886 1952 1951 compotationibus
1965 1884 2326 1948 excogitasse.¹
2338 1886 2407 1936 Et
2420 1899 2547 1948 pau·

1482 1964 1534 2012 lo
1577 1970 1712 2026 post,
1751 1963 1856 2011 ait:
1891 1962 1908 1990 ‘
1928 1960 2119 2024 capitis
2158 1958 2325 2008 dolori
2360 1956 2546 2009 florum

1481 2033 1762 2089 fasciculos
1775 2053 1839 2089 ac
1880 2045 2025 2087 serta
2059 2033 2260 2085 mederi
2290 2049 2384 2084 suo
2406 2049 2546 2084 com·

1483 2128 1664 2178 pressu
1687 2123 1743 2163 et
1760 2111 2001 2163 vinculo!
2068 2109 2209 2159 Plin.
2232 2122 2353 2160 ιιι.
2369 2113 2417 2159 8.
2433 2110 2546 2174 jam

1483 2189 1576 2238 cit.
1602 2188 1677 2238 sic
1699 2188 1856 2238 habet
1878 2204 1893 2236 z
1927 2193 1942 2216 ‘
1962 2185 2115 2250 Apud
2142 2186 2356 2235 Graecos
2380 2185 2446 2234 de
2462 2200 2549 2235 co-

1483 2265 1623 2314 ronis
1664 2264 1920 2328 scripsere
1957 2262 2261 2312 Mnestheus
2296 2269 2351 2311 et
2390 2261 2548 2311 Calli·

1484 2339 1695 2389 machus
1711 2339 1930 2401 Medici,
1952 2353 2068 2402 quae
2088 2346 2337 2389 nocerent
2351 2338 2516 2401 capiti
2532 2354 2548 2386 ε

1486 2414 1726 2480 quoniam
1764 2421 1821 2464 et
1860 2413 1911 2463 in
1934 2413 2031 2463 hoc
2053 2420 2132 2464 est
2157 2413 2330 2477 aliqua
2350 2413 2551 2462 valetu-

1485 2489 1620 2539 dinis
1665 2490 1873 2552 portio;
1906 2488 1960 2538 in
2007 2497 2136 2552 potu
2181 2496 2337 2552 atque
2377 2488 2550 2537 hilari·

1484 2572 1596 2614 tate
1619 2564 1902 2628 praecipue,
1924 2562 2141 2613 odorum
2166 2563 2217 2612 vi
2239 2570 2548 2627 surrepente

1485 2639 1783 2701 fallaciter,'
1805 2642 1908 2711 dcc.
1930 2638 2017 2689 nbi
2036 2639 2192 2689 etiam
2211 2637 2376 2689 refert
2397 2639 2550 2688 Cleo-

1486 2725 1690 2781 patram
1731 2731 1828 2781 per
1872 2716 2027 2766 illitas
2079 2729 2280 2767 veneno
2331 2730 2550 2765 coronas

1486 2793 1717 2843 Antonio
1761 2792 2071 2843 iusidiutam.
2154 2792 2236 2841 Ex
2278 2790 2382 2841 illis
2427 2804 2551 2842 vero

1487 2884 1605 2935 quae
1629 2876 1751 2919 ante
1783 2867 1927 2919 dicta
1960 2875 2102 2930 sunt,
2133 2868 2292 2919 Ovid.
2331 2868 2473 2917 Fast.
2494 2882 2552 2919 v·

1485 2948 1603 2994 ⁸3⁷.
1622 2945 1697 2995 ita
1720 2945 1896 2995 canit:
1932 2951 1947 2974 ‘
1966 2945 2154 2995 Ebrius
2173 2944 2417 2995 incinctis
2441 2944 2552 3009 phi·

1487 3020 1599 3085 lyra
1644 3019 1860 3068 conviva
1892 3015 2096 3083 'capillis
2140 3019 2329 3076 Saltat,
2365 3027 2422 3069 et
2460 3020 2556 3068 im·

1488 3094 1717 3161 prudens
1740 3094 1904 3144 utitur
1928 3103 2039 3143 arte
2060 3093 2227 3143 meri.'

1551 3174 1582 3220 8
1617 3171 1770 3220 Mitte
1801 3170 1992 3228 secter-i,
2034 3184 2143 3218 rosa
2183 3183 2292 3233 quo,
2323 3169 2431 3234 ξω]
2467 3171 2551 3221 Ne

1484 3245 1693 3296 labores
1715 3244 1782 3295 ad
1805 3244 2193 3308 investigandas
2225 3258 2366 3295 rosas
2398 3253 2553 3295 extra

1487 3328 1717 3386 tempus,
1753 3321 2066 3371 texendasve
2103 3335 2133 3369 e
2164 3319 2295 3371 raris
2338 3318 2551 3372 floribus

1489 3411 1728 3447 coronas.
1796 3395 1985 3447 Athen.
2009 3397 2102 3447 cit.
2119 3397 2174 3446 in
2202 3398 2452 3447 conviviis
2474 3411 2555 3447 ro-

1488 3488 1604 3524 seas
1650 3487 1869 3524 coronas
1911 3472 2262 3523 commendat.
2329 3471 2400 3522 At
2441 3487 2554 3535 eas,

1489 3564 1605 3601 cum
1622 3558 1809 3601 natura
1820 3558 2000 3613 negat,
2017 3549 2278 3598 luxuriose
2290 3553 2553 3597 sectantes

1489 3626 1566 3677 ita
1598 3625 1814 3689 corripit
1835 3625 2037 3675 Seneca
2060 3623 2228 3686 Epist.
2253 3625 2366 3673 182.
2392 3635 2457 3670 an
2478 3621 2555 3670 vi-

1489 3709 1619 3753 vunt
1636 3709 1824 3752 contra
1836 3707 2097 3757 naturam,
2118 3698 2207 3762 qui
2229 3698 2411 3761 hyeme
2433 3711 2555 3746 con·

1491 3779 1766 3842 cupiscunt
1800 3776 2000 3826 rosam?
2066 3775 2139 3826 Et
2174 3774 2262 3839 qui
2307 3788 2555 3839 aquarum

1491 3851 1722 3903 fomento
1745 3852 2048 3914 calentium,
2086 3856 2146 3902 et
2177 3850 2404 3901 calorum
2428 3856 2557 3913 apta

1491 3930 1778 3981 mutatione
1818 3928 1929 3994 (vel
1968 3928 2158 3993 potius,
2202 3926 2561 3988 ‘imitatione,'

1493 4004 1548 4054 id
1591 4011 1689 4067 est,
1733 4004 1985 4055 imitando
2033 4004 2261 4053 calorem
2299 4002 2559 4063 aestivum,

1491 4079 1582 4145 qui
1621 4094 1655 4130 a
1699 4087 1885 4130 natura
1918 4086 2022 4141 est,
2065 4092 2131 4128 ex
2176 4077 2354 4142 Lipsio
2398 4076 2556 4139 ibid.)

1491 4155 1677 4206 bruma
1718 4156 1877 4208 lilium
1914 4153 2092 4205 florem
2133 4167 2347 4207 vernum
2382 4154 2556 4218 expri-

1492 4236 1642 4283 munt
1662 4232 1681 4279 θ
