3050 4875
466 366 598 433 122
1180 381 1249 441 Q.
1297 380 1614 429 nonu-n
1668 380 1928 431 snscct

644 524 1074 599 Demissnm3
1121 525 1434 607 quamvis
1463 525 1707 609 clypeo
1733 525 2027 610 Trojano
2056 525 2270 590 refixo

726 627 1059 709 Tempora
1087 631 1396 703 testatuS,
1426 628 1589 691 nibil
1623 628 1798 691 ultra
1829 647 1836 656 ·

641 727 907 792 Nervus
934 732 1136 809 atque
1167 733 1385 791 cutem
1416 728 1617 794 morti
1647 734 2067 793 concesserat
2094 735 2254 793 atrae
2278 749 2296 806 3

723 829 770 894 J
775 827 971 893 ndice
1001 835 1092 906 te,
1122 847 1259 891 non
1286 828 1596 893 sordidus
1627 834 1857 893 auctor

471 1020 685 1066 tenetur.-
717 1029 981 1079 quanquam
1000 1017 1212 1064 detracto
1235 1020 1366 1062 scats
1388 1028 1463 1063 res
1486 1014 1716 1073 Troianas
1736 1013 2033 1078 testificatas,
2048 1020 2224 1075 prater
2244 1030 2411 1066 uersos
2430 1022 2479 1065 et
2490 1017 2658 1080 peaes·

471 1080 612 1141 nigro
631 1082 724 1129 leto
745 1079 868 1129 nihil
886 1079 1172 1140 tradiderat,
1187 1083 1236 1127 ts
1256 1078 1456 1139 arbitro,
1488 1091 1581 1125 non
1602 1077 1825 1138 ignobilis
1845 1080 1981 1128 testis
1998 1084 2182 1129 natam
2203 1086 2251 1129 st
2271 1082 2504 1130 semotis.
2565 1081 2653 1131 Vs·

1388 1203 1749 1225 ‘M‘OOOOOO

470 1286 705 1337 June-s
737 1285 849 1335 Alt.
874 1290 920 1335 1.
954 1286 1166 1334 admisu
1184 1285 1238 1333 ia
1259 1290 1552 1336 auram—12
1585 1286 1804 1335 Mentel.
1823 1292 1879 1335 et
1902 1286 2054 1336 Dess.
2073 1292 2125 1337 2.
2146 1287 2218 1336 nil
2236 1289 2509 1337 ultra—1⁴
2529 1288 2548 1316 ‘
2565 1289 2660 1336 Ja-

469 1351 574 1401 dice
596 1355 645 1400 le
667 1350 875 1411 vulgata
896 1350 1117 1397 omnium
1140 1349 1266 1398 libb.
1291 1350 1467 1406 lectio,
1490 1349 1583 1399 sed
1621 1364 1771 1414 quam
1792 1356 2089 1414 corruptam
2128 1366 2239 1401 esse
2278 1351 2434 1401 facile
2466 1351 2659 1414 videat,

472 1416 559 1479 qui
583 1414 795 1477 cogitet,
820 1413 1100 1475 Archytam
1136 1413 1221 1461 vix
1260 1426 1408 1475 posse
1444 1413 1510 1461 ad
1551 1421 1760 1463 nautam
1789 1413 1999 1465 dicere:
2022 1415 2186 1475 judice
2218 1422 2280 1467 te.
2347 1417 2501 1465 Licet
2521 1416 2656 1465 enim

473 1478 611 1540 apud
635 1479 843 1540 vulgum
859 1477 1016 1526 etiam
1038 1478 1089 1524 in
1112 1485 1261 1540 parte
1280 1475 1505 1526 inferiori
1530 1476 1698 1526 Italiae
1723 1492 1957 1540 magnam
1976 1477 2136 1528 fuisse
2152 1480 2327 1528 dicant
2345 1480 2658 1542 Pythagora

474 1541 998 1599 auctoritatem,illud
1024 1547 1194 1589 tamen
1228 1541 1377 1596 valde
1414 1541 1672 1590 diversum
1710 1548 1766 1591 et
1806 1555 1968 1605 prope
2004 1543 2235 1606 ineptum
2277 1543 2440 1593 videri
2484 1551 2662 1607 queat,

471 1606 840 1668 Philosophum
866 1605 931 1652 de
958 1604 1128 1667 Pytha
1167 1618 1269 1652 orm
1293 1604 1488 1665 schola,
1508 1605 1631 1653 dum
1667 1605 1964 1668 magistrum
1999 1621 2145 1655 suum
2181 1608 2436 1656 extollere
2473 1616 2528 1655 et
2567 1606 2661 1656 im·

470 1671 786 1719 mortalitate
808 1669 1018 1731 dignum
1037 1668 1134 1718 dec
1157 1681 1307 1716 arare
1333 1670 1461 1729 vult,
1483 1668 1686 1718 laudem
1711 1670 1848 1718 illius
1872 1685 1933 1719 ac
1957 1671 2162 1731 merita,
2183 1685 2284 1721 non
2309 1671 2373 1720 ad
2390 1669 2657 1731 sunm,sed

474 1733 541 1783 ad
581 1732 810 1796 imperiti
847 1731 1080 1793 hominis,
1126 1739 1320 1792 nautae,
1350 1733 1366 1760 ‘
1388 1731 1679 1794 judicium'
1712 1746 1974 1783 revocare.
2058 1735 2210 1786 Quod
2254 1735 2383 1784 bene
2420 1733 2658 1784 videntes

472 1798 590 1846 VV.
618 1798 736 1846 DD.
762 1802 932 1845 nautae
951 1795 1118 1844 adhue
1156 1797 1269 1844 baec
1312 1797 1482 1844 omnia
1520 1796 1873 1846 attribuerunt
1911 1811 2074 1861 usqne
2111 1800 2177 1847 ad
2215 1813 2288 1847 vs.
2317 1803 2400 1848 20.
2432 1798 2523 1847 sed
2561 1800 2658 1847 hoc

474 1861 609 1909 male
629 1858 763 1921 fieri,
786 1873 949 1909 nexus
969 1860 1340 1908 sententiarum
1365 1859 1537 1909 docet.
1603 1860 1794 1924 Itaque
1826 1862 2002 1910 Jndiee
2023 1877 2096 1912 nse
2126 1863 2260 1925 conj.
2296 1863 2388 1911 vir.
2412 1862 2551 1912 doct.
2574 1877 2657 1925 ap.

476 1924 699 1987 Cuning.
725 1929 829 1972 tam
855 1921 1077 1972 feliciter
1105 1931 1161 1972 et
1193 1924 1580 1985 convenienter,
1617 1932 1675 1973 ut
1711 1939 1814 1972 non
1851 1925 2104 1986 dubitem,
2124 1927 2247 1989 quin
2287 1926 2395 1976 haee
2432 1942 2552 1975 vera
2589 1929 2658 1976 sit

473 1988 651 2037 lectio.
707 1986 1027 2037 Facillimum
1048 1987 1185 2036 enim
1208 1997 1340 2044 erat,
1363 1987 1645 2048 permutari
1668 1994 1715 2037 te
1734 1996 1788 2038 et
1812 2004 1901 2045 me,
1925 1990 2153 2052 inprimis
2176 1991 2218 2037 si
2243 1990 2480 2039 librarius
2505 1997 2655 2053 puta·

476 2060 578 2116 ret,
601 2058 809 2101 nautam
833 2052 999 2100 adhue
1020 2050 1181 2114 loqui.
1241 2051 1414 2100 dedice
1444 2067 1495 2102 se
1526 2052 1664 2115 conj.
1689 2066 1774 2115 ap.
1812 2053 1992 2104 Jones.
2016 2053 2152 2117 quod
2189 2061 2312 2104 tunc
2347 2055 2413 2103 ad
2451 2062 2658 2103 antece·

1457 2196 1673 2246 NOTAE

475 2303 591 2339 eum
622 2303 687 2339 eo
724 2292 914 2341 versari
956 2291 1164 2340 solitum
1196 2299 1251 2342 et
1290 2291 1529 2357 colloqui.
1608 2290 1772 2342 refert
1805 2292 2028 2358 Diogen.
2049 2294 2220 2343 lases-t.
2237 2293 2328 2344 lib.
2355 2306 2476 2342 vm.
2546 2291 2659 2343 Hoc

476 2364 641 2414 Aiunt
656 2379 842 2429 nempe
857 2365 1087 2415 Minoem
1105 2381 1299 2431 regem,
1310 2367 1528 2417 Creten-

474 2441 617 2491 sibus
648 2443 772 2491 dare
807 2444 947 2506 leges
979 2443 1257 2506 volentem,
1288 2445 1340 2493 in
1378 2453 1526 2494 antro

473 2534 589 2569 sese
613 2520 924 2582 condidisse,
942 2521 1029 2570 ubi
1052 2537 1107 2571 se
1132 2537 1249 2573 cum
1264 2523 1398 2575 Jove
1421 2539 1530 2574 ser-

472 2596 783 2645 mocinatum
804 2595 1126 2660 predicavit,
1150 2606 1306 2663 atque
1329 2613 1396 2649 ex
1417 2601 1526 2663 ejus

474 2669 689 2719 consilio
712 2678 900 2720 cuneta
932 2671 1205 2720 statuisse:
1243 2687 1398 2735 porro
1419 2673 1530 2735 jus-

473 2745 607 2794 titiae
629 2744 767 2795 fama
788 2747 984 2794 clarum
1009 2746 1145 2809 apud
1167 2745 1370 2797 Inferos
1385 2748 1528 2810 jndi-

474 2834 588 2869 cem
624 2835 656 2869 a
698 2821 926 2872 Plutone
967 2823 1319 2873 constitutum.
1387 2824 1525 2875 Hinc

475 2908 577 2944 non
600 2894 690 2943 abs
714 2910 770 2944 re
804 2897 1027 2946 credunt
1049 2898 1207 2962 aliqui
1233 2912 1327 2962 per
1356 2899 1528 2949 Jooem

472 2971 555 3021 bic
577 2970 855 3035 significari
879 2973 1171 3037 Plutonem,
1198 2976 1286 3038 qui
1318 2976 1525 3040 quidem

472 3044 489 3072 ‘
512 3044 727 3109 Jupiter
763 3047 1005 3113 Stygius’
1028 3065 1059 3098 a
1080 3048 1301 3114 Virgilio
1338 3050 1529 3100 dicitur

472 3121 675 3174 AEneid.
700 3136 778 3172 ιν.
799 3127 914 3175 638.

538 3198 824 3262 Halumque
851 3201 1052 3251 Tartara
1080 3202 1406 3268 Panthoiden]
1446 3204 1528 3254 Ex

473 3272 571 3322 bac
614 3273 772 3321 etiam
818 3275 923 3323 vita
965 3277 1135 3326 denuo
1179 3279 1354 3335 cessit,
1390 3277 1525 3341 jam-

474 3359 576 3409 que
607 3346 659 3394 in
685 3344 871 3396 Inferis
903 3348 1050 3410 degit
1088 3349 1526 3402 celebratissimus

472 3420 561 3468 ille
598 3421 1056 3483 transmigrationis
1088 3424 1370 3473 animarum
1404 3440 1526 3476 aue·

475 3504 557 3545 tor
595 3495 937 3558 Pythagoras,
957 3497 1043 3561 qui
1078 3512 1135 3546 se
1169 3496 1332 3547 fuisse
1357 3499 1526 3561 jacta-

474 3569 565 3619 bat
599 3570 933 3633 Euphorbum
960 3570 1182 3621 Panthei
1206 3571 1364 3623 filium
1386 3575 1522 3637 apud

472 3645 696 3708 Trojam,
740 3652 898 3709 atque
933 3662 964 3696 a
1001 3648 1243 3697 Menelao
1281 3647 1526 3699 interfec-

473 3727 581 3769 tum
605 3721 820 3770 subinde
843 3722 1114 3785 revixisse,
1129 3731 1182 3772 et
1200 3721 1394 3773 factum
1419 3725 1525 3789 Py-

474 3795 770 3859 thagoram3
804 3796 961 3862 idque
998 3798 1318 3849 intellexisse
1354 3800 1528 3863 agnito

473 3869 661 3933 clypeo
694 3884 845 3934 quem
870 3879 1101 3935 gestarat
1123 3876 1242 3923 olim
1265 3876 1315 3925 in
1347 3876 1529 3940 Troja-

471 3961 539 3996 no
563 3948 699 3997 bello
715 3948 836 3997 dnm
859 3948 1161 4012 Euphorbus
1184 3960 1342 4002 esset.
1408 3953 1528 4016 Cly·

476 4037 603 4086 peus
639 4032 813 4073 sutem
851 4023 939 4073 ille
972 4032 1211 4089 repertus
1244 4026 1297 4076 in
1332 4029 1524 4093 templo

473 4097 582 4145 sive
602 4096 861 4161 Apollinis
902 4100 1039 4163 apud
1074 4100 1239 4150 Cariae
1260 4102 1525 4167 oppidum,

475 4172 583 4222 sive
600 4173 816 4224 Junonis
838 4176 976 4239 apud
1008 4175 1196 4241 Argos.
1230 4179 1379 4229 Prius
1401 4179 1526 4231 illud

1611 2384 1734 2418 vero
1765 2371 2024 2432 posterius
2057 2370 2214 2420 Ovid.
2254 2370 2387 2419 Met.
2413 2383 2511 2421 xv.
2532 2370 2658 2419 Fab.

1608 2448 1656 2494 8,
1727 2445 1806 2494 Ex
1839 2445 1916 2495 his
1952 2447 2108 2496 habes
2147 2448 2411 2510 explicata
2443 2462 2557 2512 quae
2580 2463 2661 2498 se-

1608 2529 1851 2584 quuntur,
1870 2522 2043 2570 iterum
2067 2525 2191 2571 Orco
2206 2523 2470 2572 demissum.
2508 2523 2663 2585 Item,

1606 2597 1818 2659 quamvis
1838 2599 1994 2660 clypeo
2020 2597 2225 2659 :trojana
2252 2598 2401 2662 refixo
2436 2598 2661 2662 Tempora

1605 2674 1819 2721 testam.
1855 2670 2012 2722 ovid.
2030 2673 2122 2722 cit.
2136 2688 2211 2722 vs.
2224 2676 2335 2722 158.
2354 2674 2431 2723 sic
2447 2675 2662 2737 loquen-

1605 2752 1712 2794 tem
1755 2746 1955 2796 inducit
2006 2747 2391 2812 Pythagoram:
2443 2756 2460 2779 ·
2484 2751 2659 2799 Morte

1605 2829 1785 2870 carent
1808 2823 2010 2876 animae,
2034 2837 2361 2888 semperque,
2382 2824 2554 2887 priore
2578 2839 2662 2874 re-

1606 2897 1731 2945 licta
1751 2897 1908 2960 Sede,
1929 2898 2072 2947 novis
2095 2898 2333 2948 domibus
2356 2901 2540 2949 vivunt
2572 2900 2660 2949 ha·

1605 2969 1878 3035 bitantque
1915 2981 2158 3036 receptae.
2225 2973 2348 3037 Ipse
2385 2987 2481 3036 ego
2517 2977 2659 3037 (uam

1607 3045 1839 3109 memini)
1857 3048 2066 3111 Trojani
2099 3055 2332 3113 tempore
2366 3049 2488 3099 belli
2524 3052 2663 3101 Pan·

1609 3121 1811 3171 thoides
1848 3123 2156 3186 Euphorbus
2197 3139 2373 3174 eram:
2408 3126 2490 3175 cui
2536 3140 2661 3189 pec·

1609 3205 1722 3248 tore
1744 3200 1999 3264 quondam
2023 3199 2192 3250 Haesit
2214 3201 2268 3250 in
2304 3201 2521 3251 adverso
2544 3216 2660 3266 grs-

1610 3275 1684 3323 vis
1722 3276 1871 3324 hasta
1908 3276 2118 3326 minoris
2139 3276 2357 3327 Atridae.
2424 3277 2657 3342 Cognovi

1607 3352 1844 3415 clypeum
1868 3352 2011 3402 loevae
2029 3353 2313 3415 gestamina
2334 3361 2527 3404 nostr-te
2547 3355 2660 3403 Nu-

1607 3440 1704 3488 per
1723 3425 1974 3476 Abanteis
2000 3427 2191 3491 templo
2213 3428 2430 3479 sunonis
2466 3430 2518 3478 in
2558 3428 2660 3478 Ar·

1607 3501 1722 3566 gis!

1673 3580 1734 3626 12
1770 3577 1912 3627 Nihil
1942 3579 2069 3628 ultra
2092 3578 2293 3638 Nerros,
2313 3579 2423 3644 ζα]
2470 3578 2658 3630 Animo

1605 3667 1811 3717 semper
1865 3655 2061 3718 vivens,
2125 3670 2344 3719 corpore
2400 3658 2659 3708 duntaxat

1606 3737 1836 3781 mortuns
1862 3745 1963 3779 non
2003 3731 2178 3781 semel.
2240 3733 2328 3783 Sic
2363 3734 2658 3798 palingene-

1606 3807 1731 3855 siam
1763 3812 1817 3854 et
1855 3808 2320 3870 metempsychosin
2344 3809 2658 3873 Pythagora

1606 3880 1843 3944 explodit
1885 3888 2060 3930 noster
2100 3881 2283 3932 Poeta.
2327 3882 2461 3932 Vide
2508 3885 2658 3934 Pers.

1608 3956 1716 4004 Sat.
1733 3968 1809 4004 vt.
1825 3957 1903 4003 11.
1919 3954 2005 4003 ubi
2025 3961 2080 4004 et
2097 3957 2340 4006 annotavi
2355 3972 2458 4008 non
2477 3972 2659 4023 pauca.

1608 4030 1718 4080 Cic.
1740 4043 1779 4079 1.
1799 4030 1865 4080 de
1886 4030 2013 4081 Nat.
2036 4031 2200 4082 Deor.
2226 4032 2345 4083 Vsl.
2368 4034 2512 4086 Max.
2534 4048 2659 4086 vm.

1604 4111 1652 4157 7.
1672 4109 1771 4157 dcc.
