3050 4875
880 371 914 394 ⁵
1295 382 1713 432 vamum-10.
2004 400 2013 408 -
2055 433 2062 438 ,
2566 369 2630 435 7-

480 525 669 606 Quid
714 524 1061 610 scripserit
1105 511 1420 604 Fla'ocm,
1449 546 1534 592 ea
1555 528 1852 611 quaestio
1881 528 2207 611 historica
2232 535 2377 596 est:
2423 532 2492 597 in
2528 550 2611 596 ea

397 631 710 710 testibus,
767 629 837 696 h.
882 649 945 695 e.
1000 627 1197 693 libris
1249 630 1567 714 antiquis,
1610 633 2189 699 consentientibus
2239 635 2610 718 praecipue,

391 733 815 811 cudendum
845 730 1167 816 quamdiu
1196 732 1335 815 ipsi
1364 733 1499 798 sibi
1524 733 1722 799 fidem
1757 753 1890 799 non
1912 736 2250 818 abmss‘ant,
2276 735 2604 820 quamdiu

391 854 527 900 nnn
556 836 799 901 dieunt
826 841 1054 919 aperte
1082 836 1544 919 repugnantia.
1633 837 1771 903 Sed
1799 838 2117 902 videntur
2144 838 2470 912 interdum
2507 857 2608 903 re·

391 956 715 1022 pugnare,
766 958 945 1023 quae,
995 940 1479 1021 circumspecta
1533 940 1662 1004 rite
1711 942 1891 1005 omni
1950 940 2477 1017 circumstantia,
2529 941 2602 1004 in

393 1043 826 1109 concordiam
859 1050 1145 1128 possunt
1175 1044 1382 1127 redigi
1412 1063 1519 1116 eo,
1546 1052 1627 1109 nt
1663 1044 1734 1108 in
1775 1044 2080 1122 musicis,
2102 1043 2605 1128 jucundiorem,

394 1145 580 1226 quod
607 1144 859 1211 babent
891 1146 1150 1229 aliquid
1190 1166 1437 1232 pugnae
1483 1145 1865 1211 admistum.
1954 1145 2110 1211 Tali
2156 1143 2424 1232 ὀξῦμωςα
2472 1161 2610 1209 non

392 1247 757 1311 observata
782 1245 1001 1313 fraudi
1027 1249 1213 1315 fuere
1242 1266 1712 1331 nonnunquam
1759 1248 2068 1313 Bentleio
2101 1248 2191 1314 V.
2222 1250 2302 1313 C.
2355 1265 2437 1313 ιι.
2468 1247 2610 1312 Sat.

394 1351 465 1410 5.
492 1348 603 1411 79.
630 1354 701 1413 et
728 1350 881 1415 103.
968 1350 1228 1435 Siquid
1260 1357 1478 1432 autem
1508 1350 1615 1413 -sit
1654 1350 1884 1422 etiam,
1915 1350 2093 1433 quod
2138 1368 2180 1413 a
2222 1350 2468 1415 vitiosa
2501 1369 2611 1414 re·

397 1454 763 1535 pugnantia
809 1452 1091 1518 liberare
1138 1472 1274 1517 non
1320 1452 1602 1535 possim,
1656 1470 1793 1516 non
1846 1451 1999 1518 ideo
2033 1471 2225 1517 urere
2269 1459 2337 1516 et
2379 1470 2611 1532 secare

392 1553 580 1631 lieet,
608 1573 747 1618 non
773 1556 1061 1638 grassari
1088 1556 1157 1619 in
1184 1556 1420 1632 libros,
1454 1561 1525 1620 ut
1566 1555 1634 1618 in
1679 1555 2161 1639 dbcipnlorum
2196 1574 2414 1639 pensa
2443 1556 2613 1620 solet

394 1655 812 1721 emendatrix
848 1675 1094 1722 manns
1138 1658 1615 1742 praeceptoris:
1662 1656 1782 1722 sed
1827 1657 1958 1721 nisi
1996 1657 2094 1721 ita
2121 1657 2373 1734 mollis,
2400 1657 2505 1721 ita
2530 1656 2612 1721 li-

392 1755 630 1840 quida,
660 1758 759 1821 ita
784 1757 991 1835 olata,
1023 1760 1121 1826 ita
1146 1760 1351 1825 unica
1382 1760 1474 1824 sit
1500 1760 1901 1835 emendatio,
1931 1758 2142 1841 plane.
2173 1760 2272 1823 uti
2304 1759 2611 1824 dubitare

397 1858 660 1923 homini
686 1878 905 1924 rerum
939 1863 1153 1944 perito
1193 1881 1327 1925 non
1368 1861 1597 1938 liceat,
1639 1861 1984 1925 modestiae
2028 1866 2274 1926 nostrae
2303 1869 2374 1926 et
2400 1862 2609 1926 bono.-

395 1978 557 2023 mm
572 1960 889 2025 librorum
920 1961 1277 2044 integritati
1312 1962 1538 2046 potius
1583 1964 1680 2027 ita
1725 1962 2192 2039 consulamus,
2224 1963 2400 2027 utin
2438 1981 2614 2029 mar·

398 2062 572 2144 gine,
600 2062 767 2145 qnid
797 2063 992 2128 nobis
1025 2064 1353 2141 videatur,
1386 2062 1786 2128 indicemus.

493 2163 656 2229 Dici
703 2182 838 2229 non
893 2170 1145 2248 potest,
1206 2184 1408 2248 quam
1462 2164 1662 2230 facile
1719 2167 1813 2229 sit
1861 2164 1970 2229 hic
2029 2164 2200 2243 salli,
2261 2164 2423 2243 labi,
2465 2185 2609 2231 eor.

395 2284 703 2349 rumpere
757 2265 937 2348 quod
986 2266 1337 2331 emendare
1379 2266 1573 2330 velis.
1662 2264 1835 2332 Cum
1879 2267 2286 2332 concedatur
2331 2269 2606 2334 senibus

401 2369 882 2456 περιαπολογεῖν,
910 2366 1135 2434 dicam
1164 2368 1329 2454 quid
1362 2368 1525 2434 mihi
1555 2389 1683 2433 usu
1716 2371 1995 2435 venerit.
2086 2369 2299 2435 Fuere
2331 2371 2419 2435 ab
2448 2371 2612 2437 ado-

404 2473 733 2537 lescentia
760 2471 920 2535 inde
941 2491 1092 2537 mea
1121 2473 1348 2548 amici,
1370 2473 1616 2537 eruditi
1647 2492 1810 2538 sane
1831 2473 2136 2537 homines
2166 2480 2235 2539 et
2265 2473 2614 2556 ingeniosi,

400 2575 517 2660 qui
548 2574 836 2638 subinde
864 2582 1261 2641 accusarent
1288 2594 1504 2640 meam
1534 2575 1602 2640 in
1627 2575 2204 2641 emendationibus
2228 2575 2339 2639 vel
2367 2575 2609 2659 alienis

404 2678 513 2741 vei
557 2677 724 2741 meis
769 2677 1198 2743 admittendis
1241 2678 1645 2745 tarditatem.
1733 2678 1867 2742 Sed
1903 2678 2124 2741 fateor
2153 2679 2457 2759 ingenue,
2489 2676 2612 2741 ali-

403 2779 673 2863 quoties
702 2786 924 2844 tamen
955 2798 1106 2844 enm
1135 2782 1311 2844 omni
1340 2781 1481 2858 ilia,
1502 2799 1709 2864 quam
1740 2799 1868 2863 ego
1898 2779 2282 2844 cautionem
2312 2778 2615 2861 appella-

405 2884 587 2959 bam,
606 2883 739 2966 ipsi
772 2882 1221 2960 timiditatem,
1246 2882 1612 2965 aliquoties
1634 2881 1795 2946 mibi
1817 2900 1946 2946 usu
1977 2881 2272 2956 venisse,
2297 2885 2375 2943 ut
2403 2886 2611 2944 aneto

406 2983 669 3048 scilicet
696 3002 921 3047 rerum
944 2983 1432 3066 verborumque
1473 3003 1630 3059 usu,
1659 2982 2099 3047 retractandae
2132 2989 2364 3046 essent
2392 3000 2613 3046 emen·

406 3085 743 3162 dationes,
772 3104 925 3168 quae
960 3085 1156 3149 valde
1188 3086 1347 3152 mihi
1380 3086 1795 3169 placuerant.
2551 3072 2558 3077 ’

497 3183 655 3264 Quo
686 3187 906 3249 minus
933 3189 1231 3268 poenitet
1263 3186 1331 3250 in
1374 3186 1664 3254 Horatio
1693 3205 1971 3253 causam
2001 3190 2410 3268 receptarum
2443 3185 2613 3249 Lec-

410 3288 667 3352 tionum
710 3288 1095 3370 suscepisse
1153 3306 1621 3372 nonnunquam
1669 3295 1898 3352 eontra
1944 3289 2170 3369 ipsum
2211 3285 2612 3364 Bentleium,

406 3389 617 3454 etiam
664 3389 778 3453 ubi
824 3389 1158 3465 irascitur,
1206 3394 1308 3467 (ut
1349 3390 1436 3454 ad
1485 3388 1636 3454 Art.
1687 3386 2117 3473 Poenam.)
2164 3389 2344 3472 quod
2394 3389 2616 3453 solent

406 3509 886 3574 nonnunquam
917 3489 1044 3555 viri
1090 3491 1298 3569 docti,
1330 3511 1480 3555 cum
1528 3498 1765 3574 putant
1808 3491 2114 3575 iniquum
2144 3510 2292 3555 esse
2324 3490 2613 3555 librariis

408 3593 884 3658 semibarbaris
932 3592 1090 3677 plus
1135 3594 1289 3658 fidei
1334 3592 1567 3657 haberi
1597 3613 1801 3678 qnam
1844 3613 1987 3658 suae
2031 3593 2296 3670 rationi,
2337 3592 2466 3657 hoc
2509 3606 2617 3658 est

407 3702 640 3761 rectoe:
669 3697 869 3779 quasi
892 3696 1218 3762 vicissent
1251 3715 1408 3762 vero
1438 3714 1634 3760 suam
1664 3697 1988 3761 rationem
2018 3695 2129 3760 hic
2158 3713 2314 3759 esse
2343 3700 2614 3759 rectam.

405 3796 657 3862 Contra
682 3796 857 3861 hane
896 3796 1294 3863 Critiborum
1325 3797 1735 3881 quorundam
1767 3798 2250 3863 vehementiam
2284 3804 2613 3861 armatum

408 3906 648 3985 pectus
676 3899 918 3965 babere
936 3896 1136 3966 debet
1172 3901 1429 3969 Horatii
1462 3901 1833 3984 praesertim
1870 3900 2118 3979 Editor,
2138 3906 2205 3965 et
2232 3900 2428 3964 malle
2458 3919 2614 3964 cum

408 4000 795 4099 Philoxeno
810 4001 907 4066 ire
926 4001 1000 4066 in
1024 4002 1440 4079 Lautumias,
1460 4022 1662 4085 quam
1685 4002 1957 4068 laudare
1981 4021 2114 4066 non
2134 4003 2370 4078 bonas,
2392 4002 2615 4085 cujus·

406 4123 692 4189 cumque
721 4103 988 4169 demum
1019 4105 1178 4184 sint,
1212 4124 1418 4188 qnam
1463 4108 1762 4189 recipere
1805 4104 2118 4188 pulchras
2154 4105 2612 4199 quantumvis,

411 4209 535 4273 sed
564 4208 783 4272 minus
812 4208 1258 4287 necessariaS,
1287 4207 1807 4274 emendationes.
