3050 4875
519 371 650 437 254

1246 389 1314 448 q.
1358 388 1673 438 nonam
1724 390 1988 439 nacor

777 528 939 594 Non
969 528 1282 595 indecoro
1311 532 1583 614 pulvere
1613 520 1924 597 sordidos
1948 552 1968 612 3

862 630 947 693 Et
975 637 1215 695 cuncta
1244 639 1564 696 terrarum
1598 634 1906 705 subacta,

949 731 1206 797 Praeter
1232 738 1528 798 atrocem
1561 735 1852 799 animum
1882 734 2185 799 Catonis.

1427 1020 1787 1043 OmOOM‘

523 1120 588 1166 28
627 1118 703 1166 En
722 1122 889 1168 cuncta
911 1118 1035 1168 Var.
1056 1119 1206 1168 Lect.
1230 1132 1314 1182 ap.
1337 1117 1647 1167 ἆσαι-25
1680 1114 1811 1201 duno
1833 1118 2046 1168 Deorum
2066 1119 2221 1169 Dess.
2245 1124 2295 1169 2.
2328 1121 2549 1183 quicquid
2576 1118 2699 1169 emi-

1500 1245 1715 1297 NOTAE

523 1340 757 1405 prolium
785 1341 1021 1391 oratione
1054 1341 1334 1393 incitantes
1355 1342 1573 1392 rnilitum

524 1414 718 1464 animos
734 1413 1075 1479 virtutemque
1090 1425 1353 1474 acuentes,
1377 1416 1574 1480 pollici·

521 1490 590 1538 tis
613 1488 765 1539 etiam
788 1495 845 1538 et
863 1489 1294 1541 obtestationibus
1314 1492 1570 1544 adhibitis.

520 1566 734 1615 Suetou.
772 1565 881 1616 Jul.
925 1566 1117 1615 Caesar.
1160 1580 1277 1629 cap.
1311 1571 1393 1619 88.
1424 1569 1441 1597 ‘
1465 1568 1572 1618 Pro

518 1640 765 1690 concione
784 1638 940 1688 iidem
964 1640 1179 1690 militnm
1198 1639 1325 1690 flens
1341 1656 1402 1691 ac
1425 1651 1573 1693 veste

523 1729 554 1763 a
577 1720 791 1778 pectore
810 1714 1025 1763 discissa
1043 1715 1321 1766 invocavit.
1382 1717 1572 1765 Existi·

522 1797 695 1840 matur
715 1788 872 1839 etiam
901 1797 1174 1854 equestres
1209 1803 1394 1839 census
1426 1791 1572 1854 polli-

523 1868 660 1917 citus
704 1867 935 1930 singulis,
977 1880 1070 1931 per
1105 1880 1231 1932 quos
1268 1865 1573 1931 dignitatem

523 1954 667 1992 suam
691 1942 995 1992 defensurus
1015 1942 1191 2005 esset,'
1210 1947 1309 1993 διο.
1365 1944 1466 1995 Vei
1488 1960 1574 1996 aa·

520 2018 625 2067 dire
645 2018 807 2067 eidem·
825 2018 983 2068 Duces
1003 2019 1159 2069 victae
1188 2020 1370 2082 partis,
1391 2020 1573 2070 subac-

519 2098 629 2141 tam
655 2090 910 2142 deflentes
933 2107 1139 2142 causam
1173 2095 1456 2157 meliorem,
1495 2101 1573 2146 at·

518 2181 620 2232 que
640 2167 1015 2230 pessumdatam
1030 2168 1328 2219 libertatem
1344 2176 1402 2220 et
1422 2170 1573 2220 Rern·

522 2240 801 2305 publicam.

586 2314 795 2377 Magnos
829 2315 990 2378 duces]
1024 2316 1326 2378 Pompeium
1366 2319 1421 2367 in
1457 2320 1570 2370 acie

521 2393 820 2444 Pharsalica
863 2391 1215 2459 profligatum:
1267 2394 1571 2462 Labienum,>

522 2467 814 2532 Afranium,
844 2468 1055 2531 Jubam,
1088 2471 1140 2520 in
1175 2468 1382 2521 Africa:
1418 2473 1572 2523 Pom-

520 2543 627 2606 peii
654 2542 814 2592 filium
841 2544 908 2592 ‘in
936 2543 1190 2607 Hispania
1221 2544 1285 2594 ad
1320 2547 1571 2598 Mundam

522 2616 732 2665 urbem:
799 2617 1012 2681 ejusque
1078 2615 1289 2668 fratrem
1353 2620 1572 2671 Sextum

521 2691 845 2754 Pompeium,
869 2692 954 2755 qui
979 2691 1217 2741 Corduba
1241 2693 1295 2741 in
1323 2694 1571 2756 Siciliam,

521 2773 578 2816 et
598 2767 716 2815 hinc
739 2766 792 2814 in
821 2765 996 2815 Asiam
1031 2765 1230 2830 fugiens
1265 2768 1474 2818 tandem
1506 2769 1573 2819 ab

519 2840 831 2889 Antoniani·
853 2839 925 2889 ibi
947 2854 1111 2889 caesus
1133 2847 1231 2890 est.

584 2917 651 2968 22
694 2914 808 2962 Noa
850 2914 1067 2963 indecoro
1105 2917 1297 2977 pulvere
1339 2918 1575 2984 sordidos]

520 2988 585 3038 ln
616 2989 731 3053 ipso
761 2987 1027 3051 conflictu,
1047 2989 1321 3053 mediaque
1338 2992 1452 3040 acie
1473 3006 1570 3055 per

521 3065 750 3127 singulos
805 3064 1013 3113 ordines
1057 3063 1352 3113 discurrunt
1411 3064 1572 3115 inter·

521 3137 644 3187 dum
682 3138 862 3200 duces,
894 3140 985 3187 hos
1029 3138 1247 3202 illosque
1271 3139 1336 3188 ad
1358 3147 1569 3190 strenue

522 3213 855 3276 pugnandum
911 3214 1252 3263 adhortantur
1302 3230 1401 3263 non
1459 3229 1572 3265 ver-

521 3287 599 3336 bis
640 3287 803 3337 solum
839 3287 930 3336 sed
966 3295 1022 3336 et
1057 3289 1316 3352 exemplo,
1347 3290 1570 3351 glorioso

521 3360 736 3426 proinde
757 3363 855 3426 ipsi
873 3365 1085 3425 pulvere
1098 3366 1381 3427 conspersi.
1415 3364 1570 3427 Apud

521 3437 723 3485 Livium
741 3437 952 3499 passim.
1016 3438 1153 3486 Flor.
1176 3440 1266 3487 cit.
1289 3439 1354 3487 de
1374 3439 1572 3504 Philip·

520 3513 668 3578 peusi
689 3514 967 3563 certamine
987 3531 1000 3564 z
1024 3517 1038 3543 ⁸
1058 3514 1257 3563 Multus
1279 3515 1330 3563 in
1353 3530 1416 3563 eo
1440 3530 1571 3578 prie-

518 3588 589 3637 lio
613 3589 791 3638 Caesar
810 3587 932 3650 fuit,
968 3588 1266 3652 mediusque
1301 3590 1436 3637 inter
1466 3589 1571 3638 Im-

521 3674 809 3730 peratorem
827 3672 885 3714 et
900 3665 1133 3715 militem.
1183 3664 1352 3712 Voces
1369 3678 1574 3728 quoque

526 3739 876 3803 obequitantis
916 3738 1192 3802 exceptae,’
1238 3742 1336 3790 διο.
1418 3738 1574 3802 Apud

524 3812 773 3862 Mundam
792 3827 914 3862 vero
931 3813 1068 3862 idem
1083 3814 1279 3877 Cesar,
1298 3816 1314 3840 ‘
1333 3813 1576 3876 ablegato

524 3902 676 3952 equo,
693 3888 871 3938 similis
883 3886 1079 3938 furenti
1096 3888 1311 3951 primam
1337 3888 1392 3937 iu
1414 3889 1576 3937 aciem

526 3966 803 4027 procurrit.
887 3962 970 4013 lbi
1014 3978 1258 4027 prensare
1300 3961 1576 4026 fugientes,

526 4039 860 4101 conflrmar03
894 4053 989 4103 per
1021 4045 1187 4089 totum
1221 4038 1446 4103 deniqne
1485 4053 1575 4102 ag·

525 4127 663 4176 rnen,
698 4116 876 4175 oculis,
906 4115 1157 4171 manibus,
1193 4115 1418 4165 clamore
1447 4116 1575 4165 voli-

527 4188 675 4238 tare?
715 4192 832 4251 Vel,
856 4192 898 4239 si
923 4188 1117 4239 referas
1142 4188 1206 4238 ad
1232 4190 1577 4253 posteriorem

1651 1342 2138 1406 interpretationem
2177 1357 2296 1393 nox
2335 1344 2565 1404 allatam,
2592 1345 2702 1406 pnl-

1650 1432 1803 1466 ουτω
1839 1418 2040 1480 accipe,
2070 1418 2119 1466 in
2154 1432 2258 1481 quo
2289 1418 2585 1468 volutantur
2613 1432 2703 1467 oc-

1650 1493 1951 1542 cumbentes
1978 1507 2072 1555 pro
2098 1494 2267 1556 patria
2290 1501 2343 1541 et
2363 1492 2609 1543 libertate
2628 1493 2703 1542 ci-

1651 1568 1809 1618 vium.
1876 1569 2010 1617 Vide
2033 1583 2072 1617 1.
2097 1567 2198 1618 Oti.
2224 1572 2271 1618 1.
2295 1573 2344 1618 8.
2376 1576 2432 1617 et
2463 1566 2582 1617 Ode
2604 1579 2702 1616 xv.

1651 1657 1726 1694 vs.
1748 1648 1831 1692 2⁰.

1715 1721 1779 1766 24
1813 1718 2007 1767 Proeter
2026 1723 2231 1768 atrocen
2250 1718 2459 1766 anonam
2482 1718 2703 1782 Catonis]

1656 1792 1787 1841 Cato
1826 1792 1965 1857 apud
2006 1793 2212 1842 Uticam
2253 1792 2469 1840 interire
2505 1792 2703 1855 maluit,

1655 1881 1806 1931 quam
1834 1866 2056 1916 hostium
2091 1867 2294 1930 patrie,
2320 1866 2409 1931 qui
2434 1866 2544 1927 jam
2569 1867 2706 1915 vice·

1655 1948 1772 1989 rant
1796 1946 1950 2004 atque
1973 1940 2141 1990 omnia
2166 1953 2312 2003 paene
2334 1939 2604 1995 tenebant.
2627 1938 2707 1988 fa·

1654 2018 1786 2065 ciem
1811 2015 2003 2066 videre.
2071 2016 2431 2067 Plutarch-de
2453 2030 2517 2065 eo
2533 2015 2707 2065 Cesar

1654 2091 1847 2140 dixisse
1889 2100 2158 2141 narratur:
2212 2096 2228 2122 ⁸
2263 2093 2424 2141 Tuam
2467 2106 2568 2152 ego
2610 2090 2707 2141 tibi

1651 2177 1870 2217 mortem
1910 2168 2134 2230 invideo,
2156 2169 2308 2231 Cato,
2343 2168 2462 2232 quia
2490 2176 2544 2215 tu
2584 2168 2704 2227 milli

1649 2242 1868 2291 salntem
1910 2249 2047 2292 tuam
2095 2243 2356 2294 invidisti:

1650 2320 1733 2366 28.
1764 2318 1781 2346 ⁸
1803 2317 2005 2366 Victrix
2029 2331 2189 2367 causa
2206 2318 2333 2368 Deis
2358 2318 2583 2381 placuit3
2613 2318 2706 2367 sed

1653 2392 1788 2442 victa
1822 2393 2043 2444 Catoni.’
2105 2394 2246 2444 Flor.
2277 2393 2371 2443 cit.
2399 2401 2414 2421 ·
2440 2392 2503 2442 In
2526 2391 2709 2443 Africa

1651 2482 1768 2518 cum
1790 2468 1989 2518 civibus
2022 2469 2184 2518 multo
2218 2470 2442 2517 atrocius
2478 2483 2630 2533 qnam
2655 2469 2708 2517 in

1652 2544 2143 2594 Pharsalia-..satis
2175 2546 2343 2608 ample
2373 2544 2623 2594 sonabant
2654 2545 2707 2593 iu

1654 2619 1959 2682 Pompeiani
2003 2619 2220 2668 nominis
2264 2619 2431 2668 locum
2477 2621 2612 2669 Cato
2650 2627 2708 2669 et

1652 2694 1849 2758 Scipio.
1930 2694 2172 2745 Accessit
2236 2695 2398 2756 copiis
2453 2695 2710 2743 Maurita-

1652 2769 1752 2816 πίω
1810 2783 1902 2818 rex
1944 2767 2104 2828 Juba,
2146 2769 2391 2818 videlicet
2431 2777 2492 2817 nt
2550 2769 2707 2817 latius

1654 2844 1891 2892 vinceret
1934 2844 2129 2893 Caesar.
2214 2843 2356 2893 Nihil
2398 2858 2523 2907 ergo
2567 2843 2709 2894 inter

1653 2916 1976 2966 Pnarsaliam
2021 2925 2075 2966 et
2134 2916 2389 2982 Thapson,
2429 2919 2524 2966 nisi
2568 2917 2707 2982 quod

1655 2992 1891 3053 amplior,
1940 3004 2103 3055 eoque
2159 2991 2329 3040 acrior
2384 2992 2708 3042 Cesar-iano·

1651 3063 1763 3114 rnm
1789 3065 2011 3128 impetus
2046 3064 2161 3122 fuit,
2186 3066 2562 3128 indignantium
2588 3071 2708 3129 post

1652 3140 1957 3203 Pompeium
2010 3141 2238 3189 crevisse
2285 3141 2476 3190 bellum
2502 3175 2516 3190 .
2533 3177 2547 3190 .
2566 3174 2580 3189 .
2606 3141 2706 3191 Ca-

1653 3222 1709 3265 to
1761 3230 1864 3264 non
1923 3214 2162 3265 interfuit
2199 3214 2367 3264 bello:
2420 3214 2707 3278 positisque

1651 3289 1790 3352 apnd
1812 3289 2103 3352 Bagradam
2127 3290 2308 3338 castris
2332 3289 2538 3338 Uticam
2564 3289 2708 3338 velut

1652 3365 1819 3414 altera
1844 3364 2037 3414 Africa
2057 3364 2283 3413 claustra
2303 3363 2557 3412 servabat.
2600 3361 2707 3412 Sed

1651 3445 1870 3502 accepta
1902 3440 2125 3502 partium
2162 3440 2329 3501 clade,
2350 3440 2469 3487 nihil
2493 3449 2704 3488 cuncta·

1653 3522 1752 3575 tus,
1777 3523 1833 3562 nt
1856 3513 2088 3576 sapiente
2110 3512 2318 3575 dignum
2339 3520 2471 3573 erat,
2487 3519 2706 3562 mortem

1652 3587 1809 3636 etiam
1825 3587 1970 3635 loetus
1991 3587 2197 3637 accivit.
2214 3622 2228 3637 .
2244 3621 2258 3636 .
2274 3588 2527 3650 .perlecto
2550 3595 2706 3637 nocte

1653 3660 1719 3710 ad
1746 3662 2007 3711 lucernam
2039 3662 2278 3711 Platonis
2308 3661 2458 3724 libro,
2490 3664 2576 3726 qui
2613 3663 2706 3711 im·

1655 3738 2023 3788 mortalitatem
2045 3738 2227 3786 animae
2251 3737 2423 3799 docet,
2446 3738 2706 3800 paululum

1656 3812 1880 3877 quievit:
1917 3819 2026 3862 tum
2057 3813 2198 3861 circa
2237 3813 2451 3874 primam
2476 3812 2703 3873 vigiliam

1656 3889 1838 3937 stricto
1859 3886 2027 3949 gladio
2050 3887 2331 3936 revelatum
2350 3900 2497 3935 manu
2519 3895 2703 3950 pectus

1656 3963 1813 4011 se‘mel
1828 3962 2115 4025 iterumque
2127 3961 2424 4024 percussit,’
2439 3966 2540 4013 otc.
2557 3964 2704 4013 Bene

1655 4050 1780 4099 ergo
1798 4035 1962 4085 Poeta
1975 4037 2047 4084 ait
2064 4041 2231 4086 ceneto
2243 4040 2476 4085 terrm-un
2495 4037 2705 4100 subacta,

1653 4110 1746 4160 sed
1789 4124 1892 4159 non
1929 4110 2192 4160 subactum
2230 4110 2443 4160 Catonis
2480 4113 2705 4163 animum

1654 4192 1873 4249 atrocem,
1891 4186 1945 4236 iti
1961 4193 2062 4249 est,
2084 4186 2351 4249 invictum,
2369 4187 2704 4252 intrepidum,

2432 2243 2625 2292 Lucan.
2665 2258 2706 2293 ι.
2798 2304 2807 2315 .
