3050 4875
975 395 1390 444 canuntur:
1445 397 1593 445 mn.
1638 384 1700 445 1.
1746 383 1853 446 20.

2378 379 2502 446 159

576 537 940 616 CanthariS,
969 535 1214 604 Graeca
1244 538 1425 621 quod
1453 557 1577 621 ego
1606 540 1754 624 ipse
1783 548 1962 605 testa

1266 700 1596 722 “COO‘mUO

322 800 596 852 Amoenitt.
620 801 808 850 Litter.
826 815 878 863 p.
897 804 976 850 ll.
1044 801 1164 851 Non
1191 807 1342 864 putat
1360 803 1427 850 V.
1452 803 1517 849 1).
1559 803 1665 852 Vile
1698 802 1872 851 vinum
1895 800 2145 851 obtulisse
2168 801 2356 862 amico,
2396 806 2500 849 tam

321 867 401 916 ele
439 873 609 915 antem
631 865 903 921 bominem,
929 865 1221 914 Horatium.
1267 866 1472 914 Primaa
1491 868 1775 916 carminum
1799 866 1977 914 literar
1998 865 2228 914 omisisse
2250 865 2505 925 librarios,

321 938 379 979 ut
439 931 655 993 einceps
679 930 1052 992 pingerentnr3
1089 942 1146 978 v.
1166 929 1382 980 Schrad.
1417 928 1574 980 Obaa.
1613 945 1667 993 p.
1692 934 1773 979 18.
1796 933 1876 979 ⁶3.
1910 930 2069 992 igitur
2108 943 2174 979 ex
2208 930 2310 979 alce
2347 927 2502 978 facile

1303 1057 1524 1109 NOTAE

383 1152 517 1203 Haec
555 1153 675 1203 Ode
707 1153 939 1216 ejusdem
980 1160 1062 1204 eat
1095 1152 1270 1216 metri,
1306 1160 1367 1204 ut

321 1242 475 1293 supra
499 1241 563 1277 n.
595 1230 611 1258 ⁴
634 1228 751 1280 Jam
774 1229 899 1277 satis
921 1228 1111 1278 terris?

385 1308 410 1352 1
465 1303 570 1353 Vite
610 1303 813 1366 potabis,
853 1302 962 1365 lfa]
1026 1301 1368 1353 Profecturus

321 1386 434 1428 erat
460 1378 724 1428 Maecenas
761 1392 853 1428 aen
896 1378 948 1427 in
987 1377 1250 1441 Apuliam,
1283 1378 1372 1441 (ut

321 1453 432 1501 vult
453 1453 710 1517 cruquiun
733 1467 798 1502 ex
820 1451 988 1501 Divoei
1008 1453 1212 1513 codice,
1229 1453 1368 1517 quod

320 1526 456 1577 idem
472 1534 622 1576 notat
638 1526 915 1590 Lubiuua,)
932 1541 1025 1576 seu
1044 1528 1226 1591 quovis
1241 1528 1369 1578 alio:

320 1607 471 1651 antea
494 1615 616 1650 vero
638 1616 693 1650 ae
718 1601 939 1652 Horatio
963 1616 1056 1665 pro
1078 1617 1274 1652 summa
1297 1604 1370 1652 in-

322 1682 402 1725 ter
435 1691 526 1726 eoa
563 1675 917 1726 familiaritate
953 1679 1219 1727 convivam
1257 1676 1372 1728 fore

321 1750 651 1813 significarat.
718 1751 834 1800 Hae
857 1751 975 1802 Ode
1004 1753 1242 1803 rescribit
1264 1753 1371 1803 Ho-

321 1827 482 1877 ratiua
504 1827 804 1890 Moecenati,
827 1837 1030 1891 gratum
1056 1827 1107 1876 id
1138 1829 1237 1877 sibi
1260 1830 1371 1894 qui-

324 1901 456 1963 dem,
478 1908 535 1950 at
568 1915 660 1964 pro
691 1916 783 1953 tua
808 1903 1060 1952 tenuitate
1084 1909 1239 1953 tenue
1262 1902 1372 1954 fore

324 1976 641 2026 convivium:
670 1990 937 2042 coenaeque
959 1987 1120 2040 caput
1143 1993 1206 2027 ex
1231 1994 1372 2029 more

323 2051 569 2115 proponit
608 2053 623 2079 ‘
646 2051 892 2101 Sabinum
918 2052 1129 2114 vinum,'
1166 2059 1226 2102 ut
1256 2068 1373 2104 eru-

325 2124 431 2174 dite
454 2131 632 2174 monet
651 2125 849 2176 Theod.
870 2128 1157 2177 Mat-cilius.

388 2200 640 2263 Sabinum]
678 2202 796 2252 Non
834 2204 987 2267 quale
1028 2209 1085 2254 tu
1124 2204 1284 2255 habea
1323 2206 1374 2255 in

325 2275 546 2324 cellariis
581 2289 885 2340 generosum
920 2278 1066 2329 bibes
1098 2279 1238 2344 apud
1261 2296 1376 2343 me;

326 2350 413 2399 ned
455 2352 815 2401 tantummodo
857 2352 952 2401 vile
994 2361 1048 2402 et
1085 2354 1374 2420 modicum;

328 2438 512 2488 nempe
554 2423 724 2476 vinum
769 2426 851 2476 vel
885 2442 951 2478 ex
988 2444 1087 2478 uva
1121 2430 1373 2485 Biturica.

327 2516 440 2564 quae
456 2503 472 2529 ‘
490 2502 541 2551 in
561 2501 803 2565 eligendo
824 2503 934 2552 nolo
955 2517 1174 2565 morosa,
1198 2503 1375 2568 pingui

328 2578 603 2639 putrescit,
624 2578 796 2641 gracili
831 2580 1035 2628 omuino
1068 2592 1170 2627 nou
1196 2592 1376 2640 prove·

326 2653 430 2703 uit:
449 2653 668 2703 me'diam
687 2654 988 2716 temperiem
1002 2654 1225 2703 delicate
1241 2668 1381 2717 quoe-

327 2728 414 2790 rit,
447 2729 512 2777 ob
549 2729 650 2778 hoc
680 2727 884 2776 Sabinis
919 2727 1136 2777 collibus
1164 2726 1380 2776 familia-

327 2802 430 2851 ris?
483 2804 564 2852 Ex
603 2802 741 2852 Plin.
775 2815 900 2853 xlv.
934 2807 983 2852 2.
1023 2803 1107 2851 vel
1144 2803 1160 2831 ‘
1188 2818 1216 2850 e
1242 2802 1381 2851 vina·

330 2877 481 2940 ciola,
497 2893 647 2942 quam
665 2878 761 2927 soli
775 2890 963 2928 novere
978 2878 1156 2927 Sabini
1171 2892 1232 2927 ac
1252 2879 1380 2927 Lau·

330 2953 462 3000 remi
482 2953 516 2999 ε’
548 2968 613 3002 ex
635 2953 818 3003 eodem
841 2952 963 3004 ibid.
987 2967 1101 3017 cap.
1121 2957 1170 3002 ³.
1220 2951 1379 3001 Athe-

331 3039 473 3076 naeua
495 3035 665 3076 autem
685 3041 725 3076 ι.
746 3032 827 3077 21.
856 3029 948 3084 ait,
982 3030 997 3057 ⁸
1024 3028 1170 3078 luter
1193 3028 1380 3077 Italica

330 3104 448 3152 vina
489 3104 794 3153 levissimum
833 3118 945 3153 esse
982 3103 1250 3165 Sabinum,
1287 3117 1377 3165 po-

333 3179 506 3242 tuique
531 3178 894 3241 tempestivum
917 3177 984 3227 ab
1007 3192 1138 3227 anno
1161 3177 1382 3241 septimo

332 3268 493 3318 nsque
518 3253 582 3302 ad
604 3252 858 3302 decimum
882 3253 1156 3317 quintum!

396 3328 603 3377 Modicia
649 3327 930 3391 Canthara]
968 3327 1013 3375 Δ
1052 3326 1195 3389 petita
1231 3326 1379 3375 brom.

334 3402 440 3450 Pro
461 3401 692 3465 quolibet
709 3414 829 3451 vane
851 3401 935 3450 hic
960 3402 1169 3464 ponitur
1187 3402 1383 3450 cantha-

331 3493 432 3538 ηε,
452 3479 539 3543 qui
562 3476 772 3542 quidem
798 3491 898 3526 non
934 3492 1147 3540 parvum
1172 3486 1256 3528 eat
1278 3493 1387 3540 raa,

335 3567 449 3602 cum
465 3552 637 3602 Sileno
654 3552 971 3601 attribuatur
986 3567 1231 3617 perquam
1250 3552 1386 3602 ebri-

336 3641 444 3690 oso,
467 3628 738 3691 graviaque
763 3627 1077 3691 appelletur,
1108 3630 1286 3691 Eclog.
1307 3643 1384 3678 vt.

337 3708 416 3752 1⁷.
446 3705 462 3733 ‘
487 3704 556 3752 Et
582 3703 752 3766 gravis
776 3703 955 3752 attrita
979 3704 1241 3766 pendebat
1265 3719 1385 3754 can·

336 3779 512 3828 therua
529 3776 690 3828 ama?
720 3777 1021 3826 Xenarcbna
1044 3776 1178 3842 apud
1199 3777 1386 3827 Athen.

335 3871 397 3907 ιι.
416 3862 465 3908 6.
496 3862 512 3886 ⁸
540 3858 622 3907 Ne
646 3854 869 3913 affunde,
893 3870 925 3905 o
956 3870 1100 3919 puer,
1122 3856 1174 3904 iu
1204 3869 1385 3919 argen-

337 3938 474 3981 teum
496 3932 733 3996 poculum
758 3950 772 3991 ς
795 3929 887 3979 aed
912 3931 1083 3992 potius
1102 3932 1152 3979 in
1177 3927 1386 3993 profun-

338 4005 458 4056 dum
474 4002 811 4057 cantharum.'
836 4004 972 4053 Ibid.
988 4005 1244 4067 Epigenes
1262 4019 1275 4053 ι
1295 4002 1390 4052 ‘At

339 4082 612 4130 cantitat-oa
651 4092 788 4129 nunc
825 4091 924 4127 non
958 4077 1164 4141 fingunt
1188 4078 1387 4140 amplos

339 4157 454 4204 illos
491 4164 546 4205 et
579 4168 823 4220 capaces,
854 4151 944 4203 aed
983 4152 1192 4203 humilia
1231 4160 1387 4218 pocu-

339 4229 427 4295 la,'
443 4234 541 4283 διο.

1509 1158 1542 1203 2
1562 1154 1734 1204 Groeca
1750 1155 1873 1217 qnod
1884 1167 1971 1215 ego
1990 1154 2091 1216 ipae
2107 1157 2227 1202 teuta
2250 1151 2503 1201 Conditm

1447 1230 1562 1293 levi]
1597 1231 1788 1280 Vinum
1828 1231 2015 1292 alioqui
2056 1243 2157 1279 nou
2192 1227 2505 1293 exquisitum

1449 1320 1513 1354 ex
1531 1319 1593 1354 eo
1610 1305 1937 1355 commendat
1955 1304 2222 1366 Horatius,
2239 1303 2373 1368 quod
2393 1303 2506 1366 ipae

1450 1380 1684 1431 studiose
1716 1379 2024 1440 condiderit,
2054 1377 2329 1438 condierit,
2352 1377 2506 1426 obtu-

1452 1456 1601 1517 rarit,
1643 1456 1858 1506 notarit.
1924 1455 2161 1506 Quatuor
2186 1452 2289 1501 ista
2321 1465 2505 1514 nempe

1453 1538 1657 1581 veteres
1702 1530 1873 1580 vinum
1915 1528 2171 1578 servaturi
2209 1525 2504 1578 faciebant:

1452 1605 1814 1656 diffundebant
1857 1606 1910 1654 in
1951 1619 2106 1653 vasa:
2157 1602 2348 1653 deinde
2387 1617 2507 1651 con·

1452 1681 1666 1731 diebant
1695 1682 1711 1710 ‘
1731 1680 1952 1730 admista
1985 1681 2149 1739 calce,
2182 1679 2309 1740 sale,
2338 1691 2510 1734 croco,

1453 1756 1645 1816 resina,
1670 1755 1914 1818 pice,&c.
1938 1759 1998 1803 ut
2018 1752 2148 1803 odor
2169 1752 2287 1802 vino
2307 1752 2511 1801 contin-

1452 1837 1621 1892 geret,
1657 1836 1712 1878 et
1747 1829 1944 1891 saporis
1978 1826 2233 1888 acumen,'
2261 1841 2327 1875 ex
2366 1824 2506 1875 Pliu.

1453 1918 1528 1954 ιν.
1554 1909 1632 1954 19.
1656 1909 1736 1954 20.
1771 1913 1827 1953 et
1863 1907 1944 1952 21.
1979 1911 2087 1952 tum
2122 1901 2399 1966 diligenter
2420 1900 2510 1950 ob-

1456 1980 1706 2030 turabant
1721 1988 1878 2044 atque
1895 1977 2164 2027 illinebant
2181 1979 2316 2039 pice,
2330 1990 2508 2039 gypso,

1453 2054 1593 2105 limo.
1646 2056 1816 2105 Docet
1856 2052 2143 2105 Columella
2181 2050 2273 2100 lib.
2319 2052 2413 2099 alt.
2452 2056 2510 2098 et

1457 2131 1593 2180 Plin.
1611 2130 1701 2180 cit.
1723 2131 1739 2157 ‘
1766 2129 1926 2193 picari
1952 2127 2090 2177 dolia
2112 2132 2369 2190 oportere,
2389 2124 2511 2174 dein

1455 2204 1700 2270 perfundi
1716 2219 1847 2270 aqua
1859 2203 2054 2253 marina
2065 2211 2155 2252 aut
2172 2202 2336 2261 salsa3
2374 2208 2513 2265 post·

1456 2294 1519 2330 ea
1542 2281 1716 2330 cinere
1733 2280 1977 2329 sarmenti
1995 2276 2233 2342 aspergi!
2272 2278 2339 2326 Et
2358 2276 2511 2339 paulo

1456 2361 1611 2420 post:
1648 2360 1663 2383 ·
1687 2356 1761 2404 sic
1783 2353 2031 2417 opercula
2064 2352 2314 2402 doliorum
2348 2351 2511 2401 medi-

1454 2428 1640 2489 canda,
1658 2427 1832 2479 addita
1847 2427 2095 2477 mastiche
2112 2441 2172 2476 ac
2191 2424 2339 2489 pice·'
2363 2425 2510 2476 Peru.

1457 2519 1582 2554 vero
1603 2504 1714 2553 Sat.
1740 2517 1818 2553 tv.
1835 2506 1917 2551 20.
1940 2504 1955 2531 ⁸
1973 2501 2185 2552 Seriolae
2204 2501 2389 2549 veteris
2404 2516 2513 2551 me-

1460 2586 1610 2629 tuens
1634 2578 1885 2629 deradere
1905 2578 2097 2638 limum,
2113 2576 2370 2640 Ingemit?
2409 2578 2514 2627 De-

1460 2653 1613 2716 nique
1650 2652 1897 2702 notabant
1928 2651 2077 2714 quale
2111 2651 2302 2713 vinum,
2323 2657 2380 2700 et
2408 2666 2513 2716 quo

1461 2735 1696 2791 tempore
1735 2727 1996 2778 conditum
2037 2724 2235 2775 fuisset.
2298 2725 2367 2775 Id
2399 2740 2512 2788 paa-

1460 2804 1555 2851 sim
1579 2803 1855 2852 observare
1878 2809 1976 2864 eat,
2006 2809 2059 2851 et
2094 2809 2278 2863 postea
2312 2802 2514 2853 notabi-

1461 2891 1575 2925 mna
1606 2876 1834 2939 pluribus
1858 2876 1999 2925 locis.
2066 2875 2168 2925 Hic
2192 2890 2320 2939 ergo
2341 2877 2516 2940 priora

1462 2952 1561 3000 tria
1615 2959 1837 3016 quatuor
1900 2950 2072 3000 verbis
2135 2950 2516 3013 exprimuntur,

1457 3034 1698 3090 quartum
1745 3025 2097 3090 sequentibus.
2177 3026 2349 3073 (ἔπεσα
2393 3030 2516 3074 testa

1457 3103 1695 3151 eonditum
1733 3103 1845 3162 leci,
1883 3101 2070 3165 inquit,
2101 3101 2241 3149 datum
2261 3100 2313 3148 ιἰι
2332 3100 2516 3149 theatro

1457 3191 1563 3224 cum
1584 3176 1674 3225 tihi
1694 3178 1902 3238 planam.
1955 3175 2114 3227 Quasi
2138 3174 2364 3223 diceret:
2394 3188 2517 3224 con·

1459 3249 1590 3312 didi,
1612 3265 1704 3300 aeu
1726 3251 1778 3300 in
1804 3265 1927 3299 vasa
1951 3248 2150 3298 infudi:
2182 3250 2352 3299 Groeca
2375 3254 2516 3307 uua.

1462 3328 1543 3375 vel
1574 3340 1732 3390 super
1770 3325 1951 3376 faecem
1987 3325 2091 3374 vini
2132 3325 2327 3386 Graeci,
2348 3324 2428 3372 vel
2464 3325 2517 3373 in

1464 3401 1613 3451 doliis
1654 3403 1706 3451 in
1751 3399 1935 3464 quibus
1979 3404 2099 3449 ante
2143 3397 2304 3448 fuerit
2344 3397 2518 3447 vinum

1464 3477 1724 3541 Gracum,
1758 3483 1817 3526 ut
1840 3477 1915 3525 ita
1938 3476 2013 3524 vis
2039 3475 2229 3524 Sabino
2261 3486 2518 3536 saporque

1466 3553 1758 3603 accederet.
1817 3552 2002 3601 Tertio
2036 3551 2137 3599 levi
2171 3563 2262 3598 seu
2286 3550 2403 3611 pice
2428 3560 2518 3595 seu

1468 3643 1646 3692 gypso.
1713 3630 1938 3677 Demum
1982 3633 2185 3686 tempus
2222 3629 2388 3678 notat,
2430 3622 2520 3670 ad·

1466 3704 1654 3765 dendo,
1673 3717 1778 3755 cnm
1797 3704 1936 3750 ἀαεω
1956 3701 2045 3749 tibi
2063 3701 2269 3761 plausus,
2287 3701 2370 3760 asc.

1534 3779 1706 3828 Groeca
1729 3776 1872 3837 testa]
1909 3773 2053 3824 Cado
2087 3781 2341 3833 testaceo,
2379 3771 2520 3836 quod

1468 3853 1603 3899 vasio
1639 3864 1802 3914 genus
1839 3864 1869 3898 e
1905 3849 2113 3899 Graecia
2144 3854 2328 3899 ortum.
2382 3848 2520 3896 Plin.

1469 3939 1584 3975 xxv·
1626 3931 1709 3976 21.
1755 3925 1844 3974 cit.
1893 3924 2083 3973 ‘Circa
2130 3923 2291 3985 Alpes
2335 3922 2519 3985 ligneis

1471 4002 1601 4050 raaia
1640 4000 1891 4062 condunt,
1933 3998 2236 4060 circulisque
2272 3995 2523 4060 cingunt-⁹

1469 4077 1668 4128 Quibus
1720 4075 1886 4125 verbis
1933 4072 2160 4123 ostendit
2202 4073 2377 4121 Romae
2422 4072 2520 4123 iata

1472 4165 1592 4200 vasa
1613 4151 1835 4204 noudum
1857 4158 1981 4200 tunc
2004 4148 2053 4197 in
2076 4161 2170 4196 usu
2191 4144 2368 4199 fuisse.
