3050 4875
584 1012 1161 1104 METRA
1286 1015 2330 1113 HORATIANA.

763 1289 896 1348 CH.
940 1289 1170 1350 WASE
1213 1295 1644 1356 AMBROSIO
1688 1297 2137 1358 BONWICKE

1384 1539 1445 1597 S.
1477 1539 1541 1598 S.

359 2094 648 2153 Alassos
693 2101 784 2153 tot
818 2093 1016 2171 mag-ni
1051 2092 1205 2151 inter
1230 2091 1474 2152 Graecos
1520 2090 1777 2151 nominis
1821 2091 2044 2171 Lyricoe
2069 2094 2313 2156 Poesios
2334 2106 2540 2156 aucto-

356 2207 471 2259 res,
521 2207 675 2248 unus
725 2189 894 2248 nobis
946 2188 1227 2248 Horatius
1271 2187 1433 2262 facit,
1476 2195 1543 2248 ut
1579 2185 1768 2246 lenius
1803 2185 2226 2250 desideremus.
2310 2189 2543 2252 Placuit

356 2280 535 2359 igitur
568 2283 825 2350 ,soeculis
873 2282 1092 2361 ingenii
1135 2282 1303 2356 felix,
1345 2280 1605 2343 numeris
1648 2281 1936 2342 curiosus.
2020 2283 2346 2345 Horatiana
2381 2295 2539 2346 certe

357 2376 553 2437 Metra
582 2377 901 2439 Diomedes
929 2389 989 2439 et
1020 2378 1245 2440 Marius
1275 2378 1634 2451 Victorinus,
1660 2388 1874 2459 proeter
1911 2376 2180 2440 Plocium
2205 2389 2265 2441 et
2295 2380 2538 2440 Atilium

357 2472 875 2545 Fortunatianum,
895 2493 966 2533 ex
1010 2474 1287 2553 professo.
1318 2473 1572 2552 posteris
1612 2473 1904 2552 explicata
1932 2473 2309 2552 reliquerunt.
2391 2474 2538 2554 Spe-

356 2566 546 2626 cimen
595 2567 914 2628 eorundem
961 2570 1020 2628 in
1065 2569 1297 2629 brevem
1342 2567 1620 2628 tabellam
1660 2569 1995 2648 conjectum
2044 2570 2368 2628 continenti
2408 2589 2540 2630 car-

356 2662 512 2723 mine
539 2661 873 2747 Petronius,
903 2664 1170 2743 quisquis
1214 2665 1271 2724 is
1304 2663 1436 2736 fuit,
1478 2668 1643 2741 (nam
1673 2663 1821 2724 alios
1850 2663 2113 2745 ejusdem
2141 2664 2391 2723 nominis
2420 2666 2538 2726 alia

355 2769 504 2817 aetas
546 2759 730 2832 tulit,)
758 2760 816 2818 in
844 2760 1056 2839 vulgus
1085 2759 1293 2820 edidit.
1375 2757 1470 2821 Ad
1504 2759 1668 2821 istud
1708 2759 2047 2840 exemplum.
2076 2760 2361 2837 magistri,
2387 2779 2534 2838 quo·

354 2872 479 2911 rum
510 2851 840 2934 disciplinas
869 2854 1032 2933 origo
1078 2853 1218 2914 mibi
1260 2864 1457 2915 tecum
1494 2855 1824 2915 communis
1861 2854 1994 2926 fuit,
2022 2863 2170 2933 quot
2195 2853 2537 2933 septimanis

353 2958 582 3008 mutato
610 2948 804 3021 titulo,
832 2967 943 3009 nos
971 2949 1191 3009 tirones
1220 2947 1297 3008 ad
1326 2948 1691 3028 multijugam
1733 2950 1899 3031 Lyroe
1937 2949 2164 3009 Latinoe
2185 2950 2538 3011 modulatio-

353 3062 491 3103 nem
535 3053 943 3104 exercuerunt.
1025 3043 1118 3130 Ita
1151 3042 1325 3104 velim
1361 3043 1476 3104 hoc
1504 3045 1726 3104 nomini
1755 3055 1859 3106 tuo
1886 3045 2228 3124 inscriptum
2258 3044 2536 3124 accipias,

352 3139 436 3198 ita
460 3139 703 3211 tuearis,
733 3158 851 3199 non
877 3149 1160 3217 tanquam
1206 3137 1449 3218 aliquod
1491 3159 1773 3219 magnum
1810 3151 1913 3200 aut
1952 3158 2191 3211 novum,
2220 3137 2325 3198 sed
2353 3139 2535 3198 utin-

356 3234 602 3315 dignum
642 3234 802 3315 quod
840 3234 901 3293 in
951 3234 1394 3297 desuetudinem
1443 3236 1644 3307 abeat,
1682 3254 1819 3295 cum
1862 3236 1923 3295 in
1962 3254 2027 3295 se
2063 3244 2291 3294 tantum
2320 3233 2536 3294 habeat

351 3329 710 3410 compendii.
791 3329 983 3391 Tuum
1031 3331 1143 3391 erit
1189 3331 1377 3390 vicem
1424 3329 1758 3409 Pasiphaes
1783 3330 2159 3402 substituere,
2213 3329 2532 3407 Daphnen,

355 3426 767 3500 Pliair‘tlwnta,
806 3427 1099 3489 &darum
1179 3427 1481 3497 Quantum
1508 3425 1838 3504 argumenti
1861 3425 1980 3486 veri
2001 3436 2104 3485 aut
2123 3424 2372 3484 fabulosi
2395 3425 2535 3482 emi-

353 3531 476 3595 net,
505 3522 808 3582 materiam
836 3520 1274 3601 suppeditabitz
1325 3519 1502 3580 modo
1541 3538 1620 3580 ne
1654 3518 1808 3579 desit
1836 3520 2088 3580 afflatus.
2153 3517 2321 3577 Ultro
2348 3519 2534 3597 rapiet

354 3615 431 3675 ad
459 3635 526 3676 se
554 3634 903 3695 generosam
931 3618 1174 3676 urbanoe
1209 3615 1538 3693 juventutis
1575 3613 1858 3686 indolem,
1884 3613 1944 3672 ni
1971 3614 2162 3684 fallor,
2191 3612 2395 3673 artifex
2423 3629 2532 3692 pa-

354 3711 532 3789 gina;
582 3729 703 3788 quo
731 3710 946 3771 rectius
972 3711 1051 3771 ad
1081 3710 1530 3790 Dithyrambum
1573 3708 1959 3769 contendant.
2043 3707 2212 3767 Vale.
