3050 4875
1025 409 1435 459 caumatum
1492 412 1634 459 mu.
1688 413 1765 458 ιι.
1813 397 1917 459 18.

692 546 953 626 Africa,
985 566 1201 632 neque
1228 549 1440 617 Attali

2410 397 2544 461 345

2499 556 2544 615 5

778 649 1051 732 Ignotus
1080 650 1569 735 hoeressegiam
1600 655 1956 737 occupavi,

345 805 422 855 bes
440 805 713 856 innituntur
731 809 956 857 columis
983 815 1196 860 extrema
1216 810 1268 859 ιἰι
1290 811 1459 869 Africa
1480 812 1669 861 excisis.
1711 810 1899 876 'Neque
1920 811 2081 862 Attali
2103 814 2253 864 hoeres
2269 813 2540 876 incognitas

1249 956 1607 976 ΟΟΜΜΟ

346 1052 602 1108 putarunt
642 1047 733 1096 viri
759 1048 899 1099 docti
918 1064 1033 1099 esse
1058 1054 1290 1115 potuisse
1331 1057 1505 1105 trabes
1549 1071 1878 1114 marmoreas,
1911 1057 2032 1106 dnm
2070 1057 2280 1121 proprie
2317 1071 2534 1119 accepe-

343 1118 465 1159 runt
485 1111 553 1184 ‚¹¹²
576 1112 806 1185 trabibus
831 1122 1111 1178 tectorum,
1131 1118 1504 1185 cubiculorum,
1530 1130 1633 1171 cet.
1698 1122 1893 1170 Trabes
1918 1122 2100 1170 ultima
2121 1123 2311 1171 recisas
2339 1120 2537 1182 Africa,

344 1189 458 1223 esse
482 1176 847 1252 intelligendas
870 1178 1080 1242 citreae,
1104 1196 1170 1230 ex
1195 1187 1403 1245 arbore,
1432 1199 1584 1249 quam
1605 1185 1787 1249 Thya‘u
1822 1185 2016 1245 Graeci,
2037 1185 2224 1235 citrum
2255 1187 2422 1235 Latini
2449 1201 2533 1235 vo-

341 1246 484 1294 cent,
506 1254 796 1303 qumquem
824 1242 1155 1293 Mauretania
1194 1246 1434 1297 habitarit
1463 1265 1477 1309 ς
1513 1253 1779 1299 columnas
1803 1249 2100 1313 Hymettias
2134 1251 2260 1300 satis
2298 1251 2533 1300 celebres

343 1316 476 1353 esse.
533 1305 637 1353 Sed
663 1307 735 1352 ita
758 1320 861 1355 non
879 1316 980 1367 est,
1001 1309 1141 1372 quod
1164 1309 1465 1372 immamus,
1480 1322 1545 1362 nt
1565 1315 1737 1378 potius
1754 1314 2105 1363 architectura
2123 1315 2334 1378 antiqua
2358 1315 2536 1377 vulga-

342 1374 445 1416 tam
470 1375 695 1417 tueatur.
761 1370 1064 1435 Quanquam
1103 1371 1393 1433 fatendum,
1429 1378 1804 1441 elegantiorem
1832 1392 1994 1442 prope
2021 1378 2291 1428 verborum
2309 1385 2536 1429 structu-

1330 1505 1543 1556 NOTAE

338 1594 386 1641 ie
402 1593 611 1657 quidem
626 1594 908 1652 abundans,
920 1596 1105 1661 insigni
1125 1613 1248 1650 vero
1262 1614 1395 1651 mer·

336 1684 481 1720 more
505 1672 690 1720 clarus.
734 1673 870 1722 Plio.
896 1685 1038 1724 xvir.
1065 1678 1109 1723 l.
1133 1677 1395 1727 columnas

328 1750 558 1809 vquatuor
586 1746 842 1809 Hymettii
880 1753 1148 1799 marmoris
1184 1753 1248 1802 ad
1284 1770 1394 1804 sce-

335 1835 454 1869 nam
476 1820 756 1872 ornandam
779 1822 1025 1873 advectas
1049 1825 1228 1878 refert.
1282 1830 1394 1879 Has

339 1912 496 1961 porro
517 1907 725 1947 centnm
754 1899 978 1949 millibus
1003 1916 1263 1954 nummum
1289 1920 1393 1955 em-

337 1981 416 2023 tas
440 1975 514 2022 ait
538 1974 655 2024 Vai.
677 1975 822 2025 Max.
858 1976 1003 2026 Idem
1026 1978 1164 2029 Plin.
1189 1993 1392 2033 xxxvi.

336 2053 383 2100 8.
401 2050 474 2098 ita
487 2049 699 2100 scribit:
733 2053 749 2078 ‘
779 2051 837 2099 L.
850 2051 1063 2102 Crassus
1077 2055 1272 2105 Orator
1290 2057 1392 2118 pri-

332 2138 444 2173 mus
488 2125 750 2189 peregrini
803 2128 1073 2176 marmoris
1127 2130 1390 2180 columnas

330 2199 515 2248 lubuit
539 2200 590 2248 iu
609 2199 794 2250 eodem
831 2203 1024 2264 palatio
1048 2204 1390 2268 Hymettias!

331 2276 449 2326 vai.
473 2277 619 2327 Max.
643 2291 722 2328 tx.
750 2282 795 2327 1.
857 2285 872 2308 ‘
895 2279 992 2331 Cn.
1032 2282 1293 2332 Domitius
1332 2285 1391 2334 Ι..

332 2352 523 2403 Crasso
542 2354 753 2418 college
772 2370 884 2417 suo,
898 2357 1239 2421 altercatione
1258 2368 1390 2424 orta,

329 2428 523 2493 obJecit
545 2429 683 2495 quod
720 2431 980 2482 columnas
1004 2432 1305 2497 Hymettias
1335 2434 1389 2485 in

327 2507 530 2569 porticu
549 2507 731 2557 domus
747 2507 996 2560 liaberet!
1027 2509 1219 2574 Magna
1234 2525 1390 2575 porro

328 2584 408 2646 lis,
436 2583 698 2634 fuerintne
737 2586 914 2635 trabes
951 2586 1053 2635 iun
1086 2587 1292 2652 lignem,
1317 2603 1383 2637 an

327 2674 648 2711 marmoreae.
704 2661 896 2712 Verum
921 2661 1057 2711 enim
1080 2677 1110 2711 e
1134 2663 1275 2725 ligno
1298 2678 1387 2727 po·

327 2736 431 2786 tius
457 2736 730 2801 Hymettio
760 2751 913 2803 quam
936 2752 967 2787 e
996 2752 1249 2788 marmore
1272 2753 1388 2789 cre-

328 2809 580 2863 diderim:
603 2826 894 2877 quanquam
918 2820 973 2862 et
993 2828 1058 2862 ex
1079 2813 1253 2876 lapide
1280 2822 1387 2864 trs-

327 2885 424 2936 bes
439 2888 697 2950 extitisse,
710 2888 851 2937 clare
866 2887 1022 2937 docet
1041 2888 1178 2938 Plin.
1192 2902 1386 2940 xxxin.

327 2968 376 3012 8.
403 2963 490 3013 nbi
513 2965 590 3013 sic
611 2964 797 3013 babet:
823 2965 839 2992 ⁸
861 2964 1013 3013 Circa
1032 2964 1240 3028 Syenen
1261 2980 1385 3016 vero

323 3038 601 3088 Thebaidis
636 3038 892 3102 Syenites,
909 3053 1061 3104 quem
1097 3046 1218 3089 ante
1254 3039 1386 3103 Pyr·

325 3116 607 3179 ropoecilon
650 3113 926 3164 vocabant.
989 3114 1183 3164 Trabes
1217 3129 1283 3164 ex
1320 3131 1384 3166 eo

323 3189 498 3242 fecere
524 3191 698 3253 Reges
720 3188 941 3254 quodam
963 3190 1245 3239 certamine
1265 3189 1385 3240 obe-

323 3268 476 3330 liscos
494 3274 744 3318 vocantes
754 3267 893 3316 Solis
908 3268 1102 3317 numini
1118 3267 1386 3335 sacratos!

324 3342 459 3393 vide
477 3342 721 3394 Strabon.
739 3343 830 3392 lib.
849 3356 928 3393 rx.
947 3343 1033 3393 ubi
1049 3358 1115 3393 ex
1129 3345 1384 3409 Hymetto

321 3417 571 3469 advectas
586 3416 763 3468 trabes
774 3418 951 3481 longas
964 3425 1019 3468 et
1035 3417 1223 3468 densas
1247 3433 1386 3470 com·

322 3503 594 3548 memorat.

385 3577 417 3622 4
458 3571 640 3622 Ultima
670 3570 846 3619 recinas
883 3568 1074 3633 Africa]
1106 3570 1384 3622 Columnas

321 3647 568 3711 intelligit
590 3660 620 3695 e
642 3659 896 3695 marmore
921 3644 1216 3708 Numidico,
1235 3647 1383 3709 cnjus

321 3723 548 3787 pretinm
581 3721 765 3784 ingens
804 3719 959 3768 fuisse
1006 3726 1229 3769 testatur
1273 3720 1382 3770 Pli-

321 3800 435 3849 nius
457 3811 662 3849 xxxvi.
684 3800 734 3844 6.
758 3794 835 3843 his
854 3794 1026 3844 verbis
1047 3810 1069 3850 z,
1094 3799 1109 3824 ⁶
1127 3795 1204 3844 M.
1228 3795 1381 3860 Lepi-

320 3875 415 3924 dus
437 3872 607 3924 Catuli
639 3871 692 3921 in
722 3869 1005 3920 Consulatu
1034 3869 1254 3933 collega,
1277 3872 1380 3934 pri-

320 3964 429 3999 mns
451 3947 677 3998 omnium
700 3946 876 3996 limina
897 3945 1224 3996 &Numidico
1247 3961 1379 3996 mar-

320 4039 462 4078 more
483 4026 536 4073 in
569 4024 722 4072 domo
752 4022 939 4086 posuit,
975 4036 1160 4085 magna
1196 4036 1379 4086 repre-

318 4098 606 4151 hensione)
674 4097 922 4148 Numidia
937 4096 1129 4148 Αἰτίοις
1148 4099 1288 4164 regio
1305 4100 1379 4149 ui·

320 4178 466 4234 tima,
487 4184 544 4225 et
558 4173 780 4224 maxime
802 4174 1155 4226 occidentalis.

318 4303 325 4310 ,
383 4258 415 4302 ⁵
452 4252 621 4316 Neque
635 4249 799 4304 Attali
814 4249 1016 4313 Ignotus
1026 4250 1178 4302 heres
1197 4251 1380 4316 reg-iam

1474 1604 1717 1669 κουραί]
1751 1604 1865 1654 Nec
1900 1604 2077 1654 divitis
2109 1604 2412 1667 cujusquam
2433 1604 2535 1653 lm·

1476 1679 1752 1730 reditatem
1795 1681 2038 1744 πρηνῆ·
2059 1680 2226 1729 ullave
2263 1678 2444 1729 fraude
2481 1686 2536 1729 et

1475 1764 1590 1805 arte
1628 1759 1763 1808 mala
1797 1758 1979 1814 invasi,
2011 1756 2291 1820 opulentus
2328 1771 2532 1820 quoquo

1474 1833 1627 1883 modo
1649 1848 1760 1883 esse
1786 1834 1962 1882 volens
1980 1849 1995 1879 ε
2029 1833 2166 1881 sicut
2203 1830 2534 1880 Aristonicus

1472 1907 1648 1970 (quem
1673 1922 1797 1957 saue
1821 1908 2056 1970 respexit
2087 1909 2182 1955 hoc
2214 1908 2329 1956 loco
2368 1906 2532 1956 Hora-

1471 1982 1607 2047 tius)
1650 1998 1863 2047 regnum
1911 1982 2047 2032 Asia!
2093 1982 2189 2032 sibi
2236 1980 2532 2032 vindicavit.

1471 2059 1593 2111 Duo
1624 2057 1837 2109 fuerunt
1876 2059 2043 2110 Attali
2070 2059 2310 2123 Pergami
2347 2059 2532 2123 Reges.

1470 2134 1630 2184 Prior
1668 2136 1914 2185 Eumenia
1947 2133 2130 2197 frater,
2158 2136 2416 2198 posterior
2450 2150 2534 2184 au·

1470 2215 1574 2258 tem
1598 2210 1752 2260 filius.
1820 2209 1923 2261 Hic
1967 2210 2150 2260 Attalo
2193 2219 2379 2274 patruo
2417 2226 2532 2261 snc-

1472 2284 1631 2333 cessit
1655 2286 1707 2334 in
1731 2284 1875 2334 Asiae
1910 2285 2210 2347 Imperium.
2280 2287 2408 2335 Post
2438 2301 2531 2340 au·

1470 2373 1564 2409 uos
1588 2374 1710 2410 vero
1729 2360 1957 2425 quinque
1981 2360 2175 2409 instare
2193 2359 2292 2409 sibi
2311 2369 2528 2411 mortem

1468 2437 1699 2488 sentiens
1743 2437 2001 2500 Populum
2042 2435 2331 2486 Romanum
2372 2450 2529 2501 opum

1472 2525 1677 2561 suerum
1700 2512 1945 2576 regnique
1982 2510 2238 2561 haeredem
2262 2526 2528 2575 nuncupa-

1473 2587 1568 2638 vit.
1605 2586 1756 2639 Quod
1780 2595 1838 2637 ut
1859 2588 2069 2651 accepit
2089 2587 2409 2638 Aristonicus
2428 2589 2528 2638 Eu-

1468 2662 1633 2712 menis
1667 2677 1732 2711 ex
1767 2661 1959 2725 pellice
1989 2661 2150 2724 filius,
2183 2664 2374 2726 regiam
2409 2665 2528 2714 stir-

1464 2751 1583 2800 pem
1616 2744 1908 2800 ostentans,
1940 2736 2240 2801 conscripto
2273 2739 2530 2801 exercitu,

1465 2810 1842 2875 Pergamenum
1879 2812 2223 2872 ἱππείῃ-ἀς.
2263 2812 2570 2875 principa-⁰·

1468 2894 1577 2938 tum
1602 2901 1663 2936 ac
1686 2887 2081 2937 dominationem
2109 2887 2249 2937 Asiae
2283 2887 2525 2951 obtinuit,

1466 2963 1642 3014 Crassi
1657 2979 1688 3013 a
1709 2963 1950 3013 Romanis
1964 2962 2107 3012 missi
2125 2963 2372 3013 Praetoris
2388 2962 2525 3013 frac-

1465 3036 1532 3086 tis
1553 3038 1744 3088 viribus
1765 3049 1821 3089 et
1847 3039 2178 3088 auctoritate.
2215 3038 2345 3088 Post
2366 3052 2525 3089 annos

1468 3128 1591 3163 vero
1614 3113 1727 3165 fere
1766 3122 1987 3180 quatuor
2020 3113 2314 3165 debellatus
2341 3130 2371 3165 a
2394 3115 2525 3165 Per·

1467 3205 1658 3254 penna,
1668 3206 1890 3255 moxque
1907 3191 1973 3240 ab
1989 3188 2195 3254 Aquilio
2216 3191 2523 3242 Consulibus

1466 3266 1618 3328 plane
1662 3265 1924 3315 extinctus
1966 3272 2068 3314 est.
2149 3265 2390 3317 Justinus
2430 3267 2524 3318 iib.

1465 3351 1665 3389 xxxvr.
1688 3339 1785 3390 snb
1806 3338 1991 3390 finem:
2017 3346 2032 3368 ⁸
2052 3339 2114 3389 In
2138 3338 2261 3389 Asia
2285 3341 2398 3391 Rex
2424 3341 2523 3392 At-

1464 3414 1600 3463 talus
1637 3412 2056 3466 florentissimum
2094 3422 2151 3465 et
2190 3416 2257 3465 ab
2291 3417 2522 3468 Eumene

1464 3498 1654 3553 patruo
1698 3499 1972 3555 acceptum
2024 3504 2239 3555 regnum
2288 3491 2521 3543 cedibus

1463 3564 1699 3616 t'oedabat
1720 3600 1734 3617 .
1758 3601 1772 3616 .
1795 3600 1809 3616 .
1836 3600 1851 3616 .
1872 3566 2104 3617 morbum
2144 3579 2210 3614 ex
2244 3566 2379 3616 Solis
2417 3565 2522 3616 fer·

1465 3655 1588 3691 vore
1612 3642 1892 3702 contraxit,
1912 3649 1963 3690 et
1983 3642 2209 3705 septima
2231 3642 2316 3691 die
2340 3641 2522 3693 deces-

1462 3716 1548 3766 sit.
1613 3715 1783 3778 Hujus
1825 3722 2134 3765 testamento
2156 3717 2325 3766 haeres
2348 3717 2525 3780 Popu-

1459 3792 1541 3842 lus
1583 3791 1841 3842 Romanus
1883 3797 2004 3841 tunc
2042 3791 2349 3844 instituitur.
2414 3793 2518 3844 Sed

1460 3876 1573 3920 erat
1596 3883 1660 3917 ex
1688 3867 1917 3917 Eumene
1945 3866 2270 3917 Aristonicus
2292 3882 2392 3917 nou
2407 3870 2522 3933 Jus-

1461 3953 1516 3997 to
1551 3944 1903 4007 matrimonio,
1931 3943 2021 3994 sed
2051 3958 2114 3992 ex
2139 3945 2326 4007 pellice
2348 3946 2521 4008 Ephe-

1459 4022 1539 4073 sia
1560 4022 1843 4072 citharista
1867 4019 2133 4084 cujusdam
2158 4018 2265 4069 filia
2296 4021 2518 4085 genitus,

1459 4098 1548 4164 qui
1574 4101 1932 4162 postmortem
1965 4094 2134 4144 Attali
2167 4096 2311 4146 velut
2349 4105 2519 4159 pater.

1458 4188 1581 4224 num
1600 4186 1814 4236 regnum
1831 4170 2005 4219 Asiam
2023 4168 2355 4235 invasit,’&c·
2380 4170 2516 4223 Vide

1458 4259 1516 4302 et
1539 4250 1679 4300 Flor.
1717 4262 1781 4298 n.
1803 4251 1886 4298 20.
1907 4246 1997 4297 ubi
2023 4246 2039 4277 ‘
2059 4246 2418 4312 Aristonicus:
2437 4250 2514 4302 in.
