3050 4875
1220 367 1287 426 Q.
1329 365 1652 413 noenu
1702 364 1964 413 ιτωιοοι

746 513 968 592 Quam
999 512 1178 577 dulci
1207 511 1488 588 Lamiae,
1515 529 1769 574 memor

830 613 1025 680 Actae
1055 634 1184 678 non
1212 614 1346 678 alio
1375 631 1533 693 rege
1564 613 1863 694 puertiae,

746 717 1166 801 Mutataeque
1195 714 1393 780 simul
1431 723 1628 799 togae.

829 816 1073 882 Cressa
1100 837 1184 882 ne
1212 825 1433 882 careat
1460 817 1742 899 pulchra
1769 814 1912 880 dies
1940 819 2135 894 ποίας

2598 811 2684 873 10

489 998 583 1032 non
603 982 698 1032 ulio
715 984 904 1032 dnoetere
931 986 1200 1043 trutinate,
1233 987 1277 1030 et
1314 984 1514 1029 mutatae
1543 978 1731 1042 puriter
1763 984 1904 1040 togae.
1971 979 2048 1028 Ne
2068 979 2193 1027 loetae
2212 978 2311 1027 diei
2339 978 2529 1040 εἰςιιιιιι
2560 979 2684 1027 desit

1405 1105 1767 1126 eeoeoeeoeeoeo

489 1188 769 1253 sepissime
803 1187 1188 1238 confunduntur
1209 1191 1260 1239 in
1281 1189 1447 1252 antiq.
1472 1188 1571 1238 seri

489 1255 687 1304 Mutet.
712 1252 1040 1315 improbante
1056 1254 1203 1304 Jani:
1239 1254 1463 1317 puer-itio
1478 1253 1577 1302 scri

1615 1189 1794 1238 tim-'1
1830 1188 1993 1239 Arda
2014 1187 2182 1237 codex
2205 1185 2278 1236 Η.
2300 1185 2484 1248 Stepb.
2504 1193 2558 1234 et
2583 1185 2683 1235 Ed.

1617 1253 1762 1302 ivult
1785 1252 2059 1315 Crnquius,
2077 1266 2193 1300 nam
2219 1264 2319 1299 non
2344 1249 2438 1298 nisi
2463 1249 2515 1297 in
2535 1264 2686 1297 scan-

487 1319 633 1368 sione
657 1331 770 1367 esse
792 1317 1117 1380 syneresin3
1153 1326 1208 1365 et
1244 1318 1321 1366 sic
1350 1319 1453 1368 duo
1487 1316 1642 1366 codd.
1681 1316 1922 1366 Dorvillli
1961 1315 2025 1364 ad
2066 1315 2260 1365 charit.
2284 1329 2333 1376 p.
2356 1317 2468 1362 882.
2502 1324 2557 1360 et
2579 1313 2684 1361 duo

490 1382 660 1445 Lipss.
681 1396 767 1445 ap.
790 1382 931 1438 Jani,
946 1382 1034 1445 qni
1057 1390 1206 1444 putat
1230 1388 1373 1432 recte
1395 1381 1551 1430 etiam
1576 1379 1731 1430 scribi
1751 1380 1950 1441 puertia
1964 1395 1982 1437 ,-
2016 1393 2131 1429 esse
2153 1379 2289 1428 enim
2305 1379 2603 1440 syncopen.
2622 1387 2684 1426 nt

488 1446 544 1494 in
578 1447 594 1474 ‘
614 1444 855 1508 porgite,'
889 1447 904 1474 ‘
925 1444 1239 1507 surpuerat,’
1272 1454 1286 1474 ‘
1306 1444 1663 1496 lamnae.’—l⁰
1695 1451 1709 1473 ‘
1729 1444 1931 1493 Thressa
1949 1444 2153 1492 emend.
2182 1443 2297 1494 Jac.
2330 1458 2361 1490 a
2386 1442 2553 1491 Crnce
2578 1443 2681 1490 Bo-

489 1523 609 1558 non.
634 1515 689 1558 et
712 1510 936 1571 amplexi
960 1515 1081 1557 sunt
1104 1510 1301 1559 Erasm.
1339 1509 1584 1559 Glarean.
1623 1509 1884 1558 Murmell.
1924 1507 2159 1557 Hermol.
2199 1506 2357 1556 Barb.
2395 1507 2523 1556 Cael.
2557 1507 2683 1556 Cur.

489 1572 698 1624 Bonfin.
723 1573 860 1637 quod
893 1574 1147 1623 Thracum
1185 1573 1361 1636 potins
1381 1588 1490 1623 mos
1515 1572 1695 1634 fuerit,
1728 1572 1857 1621 albis
1879 1573 2086 1621 calculis
2111 1577 2292 1620 notare
2315 1570 2426 1619 dies
2464 1569 2643 1618 felices
2667 1585 2684 1629 ;

491 1637 632 1686 Plin.
652 1651 753 1686 vu.
769 1641 855 1687 40.
899 1637 1003 1686 Sed
1025 1653 1139 1687 cum
1164 1646 1310 1687 recte
1331 1637 1460 1686 vidit
1483 1637 1657 1686 Bentl.
1677 1645 1851 1685 notam
1869 1637 2138 1685 'ihi-essem
2158 1645 2282 1684 tnnc
2307 1633 2543 1695 ambigue
2562 1632 2689 1695 dici,

492 1708 548 1750 et
568 1715 719 1764 posse
737 1703 895 1751 etiem
914 1705 1111 1764 nigram
1130 1716 1261 1762 esse,
1285 1710 1392 1750 tum
1421 1703 1648 1751 omnium
1672 1699 1798 1749 libb.
1825 1701 1980 1750 lectio
1999 1715 2100 1749 non
2122 1699 2431 1760 deserenda,
2453 1707 2510 1746 et
2533 1696 2686 1747 modo

490 1772 639 1815 recte
673 1765 1013 1829 explicanda!
1042 1766 1181 1815 Joni.
1251 1765 1423 1815 Pressa
1458 1765 1594 1828 conj.
1636 1780 1720 1829 ap.
1754 1766 2064 1816 sonem—ll
2104 1764 2256 1813 Harl.
2286 1767 2334 1812 1.
2363 1769 2415 1812 5.
2447 1763 2589 1826 Lips.
2628 1770 2685 1811 et

1481 1890 1695 1942 NOTAE

491 2002 613 2037 sno:
636 1987 652 2015 ‘
672 1987 868 2037 Oculos
892 1995 1027 2049 tuos,
1042 1987 1242 2038 etiamsi
1261 1995 1315 2038 te
1331 1989 1544 2039 veniens

488 2063 543 2112 in
578 2062 750 2112 medio
783 2060 896 2112 foro
922 2063 1122 2120 videro,
1154 2064 1545 2115 dissuasiabor.’

487 2140 705 2189 Sueten.
736 2139 919 2191 Tiber.
955 2154 1072 2203 cap.
1101 2144 1180 2190 10.
1212 2142 1228 2169 ‘
1252 2141 1455 2191 Paucos
1489 2141 1544 2190 in

488 2216 727 2279 digressu
741 2215 1036 2267 osculatus.'
1068 2217 1137 2265 Et
1150 2231 1268 2279 cap.
1280 2219 1361 2267 84.
1379 2217 1395 2245 ‘
1406 2218 1545 2269 Quo·

489 2291 684 2341 tidiana
708 2291 879 2341 oscula
903 2290 1165 2354 probibuit
1187 2291 1393 2341 edicto.'
1435 2293 1545 2342 Ne·

491 2381 602 2417 ron.
620 2382 736 2431 cap.
758 2371 841 2417 87.
862 2368 878 2394 ‘
899 2367 1057 2416 Certe
1081 2381 1246 2430 neque
1264 2367 1545 2418 adveniens

489 2457 659 2507 neque
695 2441 1024 2506 proficiscens
1047 2456 1335 2506 quenquam
1370 2444 1546 2494 osculo

488 2520 791 2582 impertivit,
826 2533 890 2568 ac
921 2533 986 2568 ne
1031 2519 1397 2568 resalutatione
1436 2521 1546 2582 qni-

489 2594 642 2645 dem.'
701 2595 791 2645 Sic
821 2602 877 2644 et
900 2608 1062 2644 sacra
1098 2594 1320 2644 littera:
1358 2596 1373 2622 ‘
1397 2596 1545 2645 Salu-

490 2677 601 2719 tate
645 2670 865 2719 invicem
902 2670 953 2717 in
991 2671 1167 2719 osculo
1206 2670 1420 2721 sancto!
1476 2674 1545 2722 D.

490 2745 641 2795 Paul.
668 2746 816 2795 Rom.
841 2760 958 2808 cap.
982 2758 1102 2795 ινι.
1124 2760 1198 2794 vs.
1216 2749 1265 2795 7.
1283 2746 1347 2794 ad
1375 2750 1400 2795 1
1424 2747 1547 2797 Cor.

488 2834 607 2883 cap.
644 2833 762 2869 xvi.
803 2820 873 2870 D.
905 2820 1057 2870 Petr.
1094 2824 1119 2869 l
1158 2822 1323 2885 Epist.
1355 2836 1471 2885 cap.
1493 2836 1546 2872 V.

490 2910 568 2945 ιι.
594 2899 672 2945 let.

554 2975 585 3019 7
620 2971 826 3036 Lamia]
865 2973 945 3021 De
973 2970 1104 3021 AElio
1140 2970 1335 3034 Lamia,
1370 2987 1546 3038 supra,

493 3045 598 3097 od.
625 3059 786 3097 xxvi.

555 3122 742 3170 Memor
761 3121 901 3171 Aeta
930 3136 1025 3171 ιιοιι
1057 3122 1152 3171 ulio
1186 3137 1298 3185 rege
1325 3125 1543 3186 menia,

488 3196 596 3260 ξω]
626 3196 870 3258 Magnam
906 3199 1191 3247 animorum
1223 3200 1543 3263 conjunctio·

491 3285 608 3323 nem
624 3271 836 3334 gignere
850 3273 959 3323 baec
976 3274 1162 3322 solent.
1186 3274 1362 3324 Lamia
1371 3282 1426 3324 et
1437 3275 1544 3325 Nn·

488 3346 648 3408 mida,
681 3347 865 3399 eodem
905 3349 1184 3413 pedagogo
1216 3365 1308 3401 seu
1338 3358 1547 3403 rectore

489 3424 586 3481 usi,
608 3423 882 3487 pueritiam
904 3423 1051 3472 simul
1076 3432 1389 3488 exegerant3
1415 3441 1546 3491 prae·

489 3506 686 3553 textam
727 3512 933 3563 quoque
985 3497 1305 3562 deponentes
1351 3502 1548 3564 pariter

489 3577 631 3626 circa
664 3591 852 3627 annum
888 3580 973 3627 17.
1014 3584 1186 3640 togam
1227 3576 1421 3625 virilem
1445 3590 1547 3624 una

488 3660 798 3712 sumserunt,
842 3660 950 3702 tum
989 3666 1056 3701 ex
1093 3665 1257 3717 more,
1295 3654 1311 3680 ‘
1337 3651 1546 3702 tandem

489 3729 707 3778 custode
755 3732 992 3792 remoto,’
1029 3737 1088 3779 ut
1123 3729 1200 3779 ait
1243 3729 1441 3779 Noster
1476 3728 1545 3778 ad

491 3803 728 3852 Pisones.
791 3805 925 3855 Sunt
946 3806 1034 3869 qui
1065 3807 1268 3868 puertiae
1290 3821 1450 3869 regens
1469 3806 1544 3856 in·

492 3885 851 3942 tet-pretentur
911 3887 1186 3943 patronum
1242 3888 1540 3945 potentem:

492 3953 582 4003 sed
608 3955 731 4018 quid
767 3954 863 4005 boc
896 3954 963 4005 ad
998 3957 1222 4019 pueros?
1263 3958 1368 4008 Alii
1397 3973 1542 4008 crea-

490 4037 599 4079 tum
624 4041 764 4080 sorte
799 4045 974 4093 regem
1006 4030 1144 4081 inter
1177 4045 1362 4094 pueros
1382 4035 1546 4083 collu-

491 4103 677 4153 dentes
704 4106 755 4153 in
787 4104 1061 4168 βασιλίνδα,
1080 4106 1146 4156 de
1170 4123 1273 4172 qua
1305 4108 1462 4159 Plato
1492 4111 1544 4159 in

491 4180 783 4244 Tlieaetete,
823 4183 929 4234 Jul.
968 4183 1156 4234 Pollux
1187 4184 1279 4235 lib.
1315 4198 1394 4235 tx.
1429 4201 1546 4250 cap.

1625 1990 1690 2038 de
1715 1989 2083 2040 convivalibus
2104 1989 2284 2052 Ludis,
2305 1995 2361 2039 et
2383 2003 2476 2038 nos
2499 1998 2687 2051 postea

1624 2070 1651 2114 1
1678 2066 1844 2130 Epist.
1868 2080 1907 2117 1.
1928 2070 2010 2116 59.
2034 2066 2143 2129 ubi,
2175 2067 2192 2096 ⁸
2216 2065 2291 2116 At
2327 2066 2475 2131 pueri
2508 2064 2686 2113 luden-

1626 2150 1727 2202 tes,
1752 2142 1860 2191 Rex
1884 2142 2004 2203 eris,
2026 2141 2208 2204 aiunt,’
2229 2145 2330 2192 dcc.
2365 2142 2551 2191 Melius
2574 2154 2687 2191 cer·

1625 2224 1679 2265 te
1701 2216 1788 2264 alii
1812 2217 2108 2281 intelligunt
2132 2216 2456 2279 magistrum,
2476 2217 2586 2265 sive
2608 2217 2688 2264 in·

1624 2298 1916 2355 spectorem
1951 2299 2007 2342 et
2041 2301 2351 2351 curatorem,
2373 2293 2458 2356 qui
2481 2292 2682 2342 duobus

1627 2375 1719 2417 aut
1756 2367 1991 2431 pluribus
2032 2368 2205 2431 pueris
2253 2367 2509 2418 nobilibus
2538 2370 2684 2418 insti-

1626 2444 1833 2493 tuendis
1853 2443 2275 2508 proeficiebatur:
2301 2445 2546 2508 παιδόναξ,
2564 2459 2688 2510 qna-

1625 2519 1669 2566 si
1691 2516 1867 2567 παίδων
1886 2517 2016 2580 ἅναξ.

1691 2597 1723 2642 8
1757 2586 1996 2657 Pius-tia]
2027 2595 2287 2660 syncope.
2327 2596 2416 2646 Sic
2435 2597 2450 2624 ‘
2474 2596 2686 2646 lanmm’

1627 2683 1723 2732 pro
1741 2676 1755 2697 ¹
1770 2670 2004 2719 lamium)
2034 2671 2123 2720 Sic
2140 2673 2156 2701 ‘
2172 2672 2375 2735 porgite
2390 2671 2404 2693 ⁹
2425 2687 2517 2734 pro
2534 2673 2549 2699 ‘
2568 2687 2688 2736 por-

1628 2744 1834 2807 rigitez'
1874 2745 2056 2809 virgil.
2083 2745 2203 2796 δῖα.
2236 2759 2362 2796 vm.
2385 2750 2499 2797 274.
2533 2748 2550 2776 ‘
2573 2762 2684 2796 snr-

1627 2819 1763 2882 pite’
1800 2835 1896 2883 pro
1934 2822 1949 2848 ‘
1969 2822 2213 2885 surripite
2232 2820 2268 2871 ι’
2299 2820 2457 2885 infra,
2489 2837 2553 2873 ιι.
2571 2824 2682 2875 Sat.

1624 2898 1673 2942 3.
1697 2901 1751 2944 et
1777 2908 1852 2944 w.
1872 2895 1976 2947 od.
2001 2900 2078 2945 13.
2102 2900 2118 2924 ⁴
2146 2898 2387 2961 porgam'
2412 2913 2506 2960 pro
2528 2900 2544 2928 ‘
2568 2915 2683 2963 por·

1624 2968 1823 3034 rigam}
1845 2980 1979 3021 teste
2002 2972 2188 3033 Festo;
2222 2979 2278 3023 et
2294 2973 2387 3023 Sil.
2410 2974 2498 3024 lib.
2520 2988 2597 3025 tx.

1690 3050 1752 3094 10
1789 3047 1962 3096 Cressa
1989 3062 2047 3096 ne
2074 3052 2250 3109 careat,
2280 3047 2384 3112 qa]
2417 3050 2544 3100 Dies
2566 3050 2687 3112 ista,

1622 3136 1723 3186 qna
1767 3122 2000 3171 redditus
2043 3122 2164 3171 mibi
2202 3137 2278 3185 es,
2316 3130 2527 3173 notetur
2559 3126 2685 3175 laeto

1623 3197 1783 3259 signo.
1815 3197 1898 3245 vel
1935 3206 2103 3261 creta,
2136 3199 2255 3248 albo
2293 3212 2476 3263 nempe
2505 3200 2683 3263 lapillo

1625 3286 1717 3321 seu
1743 3272 2009 3335 Cretensi;
2041 3287 2108 3323 ex
2131 3287 2275 3323 more
2299 3273 2437 3338 apud
2459 3274 2682 3324 Thracas

1626 3348 1885 3411 instituto,
1918 3349 2068 3399 laetas
2112 3349 2223 3400 dies
2260 3364 2320 3399 ac
2354 3350 2537 3400 felices
2568 3365 2688 3399 can-

1627 3421 1751 3471 dido
1784 3423 2000 3472 notandi
2030 3424 2244 3474 calculo.
2300 3425 2437 3474 Plin.
2472 3438 2574 3474 vn.
2596 3430 2684 3476 40.

1629 3499 1769 3548 Hinc
1822 3499 2101 3562 legendum
2152 3499 2360 3565 quidam
2413 3510 2684 3566 putarunt,

1631 3573 1860 3631 Thr-essm
1888 3574 1982 3625 sed
2006 3576 2159 3637 male,
2172 3571 2232 3625 ut
2250 3577 2425 3625 notavi
2449 3578 2513 3626 ad
2532 3577 2684 3629 Pers.

1624 3650 1738 3700 Sat.
1763 3664 1824 3700 ιι.
1848 3655 1893 3699 1.
1926 3650 2043 3700 Nec
2064 3650 2198 3699 enim
2221 3649 2287 3700 de
2306 3652 2682 3702 consuetudine

1624 3727 1874 3776 Thracum
1895 3726 1980 3776 hic
2003 3726 2191 3789 agitur,
2220 3725 2314 3776 sed
2342 3727 2408 3775 de
2442 3727 2681 3778 Cretensi

1625 3810 1753 3853 nota
1772 3802 2040 3854 felicitatis
2074 3802 2261 3865 indice,
2287 3802 2511 3853 candida
2533 3805 2682 3853 nimi·

1626 3893 1755 3928 rum.
1832 3880 1922 3929 Sic
1968 3886 2150 3943 postea
2205 3892 2269 3930 11.
2314 3881 2426 3930 Sat.
2472 3884 2521 3931 8.
2563 3884 2681 3930 246.

1625 3956 1642 3985 ‘
1666 3956 1823 4006 Creta
1857 3970 1922 4005 an
1944 3956 2171 4006 carbone
2202 3956 2483 4006 notandum
2503 3957 2522 4005 ?
2539 3955 2555 3979 '
2609 3957 2680 4007 Et

1623 4031 1774 4082 Pers.
1804 4032 1914 4082 Sat.
1940 4045 1991 4081 v.
2012 4035 2123 4082 108.
2160 4038 2176 4061 ‘
2199 4030 2299 4083 Illa
2337 4034 2477 4096 prius
2514 4040 2681 4097 creta,

1623 4122 1742 4157 mox
1764 4108 1875 4157 boec
1898 4107 2121 4158 carbone
2143 4107 2373 4157 notasti?

1689 4191 1748 4237 li
1785 4187 1894 4237 Nes
1909 4193 2109 4251 ρνοηιιιε
2130 4189 2290 4239 modus
2308 4187 2567 4253 ampl-om]
2594 4188 2675 4238 Ad
