3050 4875
498 369 629 435 246
1385 378 1785 431 exconsus

495 526 639 575 idees
659 525 977 588 singuiieres.
1042 524 1186 575 C’est
1208 524 1497 584 dommage,
1538 537 1637 586 que
1656 523 1705 572 le
1730 522 1901 573 Peete
1926 522 2000 572 ait
2025 537 2089 572 eu
2113 521 2289 573 besoin
2312 524 2379 574 de
2399 539 2459 573 ce
2481 539 2676 575 correc-

501 605 605 655 tif!
666 605 808 655 Male
829 605 953 655 boc!
991 603 1132 652 Vera
1163 600 1300 652 ratio
1322 609 1421 664 est,
1441 602 1579 664 quod
1604 601 1917 651 Necessitati
1941 615 2043 650 non
2066 603 2309 651 convenit
2333 603 2449 652 talis
2471 618 2679 667 appara·

501 694 580 735 tus
618 685 907 745 carnificis3
940 685 1048 749 qui,
1080 684 1124 732 si
1164 683 1384 732 Horatio
1425 680 1663 731 Nemesis
1700 687 1792 731 aut
1815 678 1920 731 Ate
1941 680 2126 730 fuisset
2148 682 2503 745 exprimenda,
2534 685 2586 732 in
2616 699 2677 733 ea

495 780 598 814 uon
620 766 780 813 soiurn
804 763 1047 812 ferendus
1070 770 1228 822 esset,
1246 762 1336 811 sed
1358 761 1518 810 etiam
1531 759 1856 823 magnificam
1880 760 2046 809 ideam
2072 760 2351 824 praeberet.
2398 763 2544 812 Tunc
2566 763 2675 826 ipse

499 845 654 893 etiam
688 843 1007 893 Sanadonum
1041 842 1314 891 delicatum
1350 840 1605 889 hominem
1644 848 1699 888 et
1735 840 2055 889 venustuinm
2094 853 2212 888 cum
2246 839 2456 889 Kiotsio
2473 842 2672 903 (Lectt.

499 924 694 974 Venus.
721 939 771 987 p.
794 920 936 985 233.)
970 936 1223 983 vocarem,
1260 921 1346 985 qui
1381 917 1732 968 offenderetur
1769 912 1869 968 ilia'
1894 919 2134 981 imagine.
2201 919 2506 969 Intneantur
2543 922 2677 969 euim

499 1005 715 1054 studiosi
738 1003 876 1052 Aten
901 1003 1298 1061 Ramierianam,
1319 1001 1489 1049 Carm.
1517 1012 1655 1050 xxv.
1680 1004 1793 1050 508.

560 1082 677 1135 Jam
700 1082 765 1132 de
789 1083 1026 1131 universo
1047 1083 1161 1131 ioco
1183 1087 1361 1131 nostro
1382 1080 1637 1145 quomodo
1666 1080 2002 1143 judicandum
2039 1080 2127 1141 sit,
2160 1090 2457 1128 moneamus
2481 1078 2683 1128 adoles·

498 1172 697 1213 centes.
749 1162 1000 1213 Nimirum
1025 1162 1112 1211 vix
1133 1163 1228 1210 hac
1254 1162 1555 1211 Necessitas
1578 1161 1801 1225 imagine
1826 1160 1926 1209 ulia
1950 1160 2016 1209 ab
2039 1158 2304 1209 attributis
2327 1159 2581 1221 copiosior
2601 1165 2683 1209 est

496 1244 546 1291 in
569 1243 803 1292 omuibus
827 1243 1047 1307 antiquis
1070 1241 1270 1301 Po'e‘tis,
1289 1241 1456 1305 inquit
1479 1240 1562 1290 nl.
1590 1241 1824 1301 Lessing.
1850 1241 2004 1289 Laoc.
2027 1252 2084 1289 x.
2107 1253 2159 1302 p.
2186 1243 2296 1289 118.
2365 1238 2462 1287 Sed
2488 1239 2682 1302 primns

495 1323 812 1384 Sanadonus,
844 1323 972 1371 recti
994 1322 1073 1370 vir
1093 1322 1335 1384 acutique
1348 1319 1552 1384 judicii,
1587 1334 1738 1368 ausus
1760 1326 1840 1368 est
1863 1320 2054 1379 dicere,
2076 1319 2208 1370 hanc
2230 1320 2389 1382 ipsam
2409 1319 2681 1382 imaginem

498 1402 837 1466 pulchriorem
875 1400 989 1451 fore
1024 1402 1075 1450 in
1113 1400 1290 1450 tabula
1328 1401 1487 1464 picta,
1521 1410 1673 1463 qnam
1708 1400 1759 1447 in
1786 1406 1891 1448 tam
1915 1398 2186 1462 magnifico
2215 1399 2475 1448 cat-minet
2508 1398 2681 1449 ‘J’ose

497 1480 629 1541 dire,
652 1497 751 1545 qne
773 1496 836 1531 ce
861 1482 1065 1531 tabieau
1088 1482 1194 1544 pris
1218 1482 1347 1529 dans
1369 1481 1417 1529 ie
1440 1479 1601 1530 detail
1622 1479 1780 1528 seroit
1801 1481 1916 1542 pius
1936 1479 2065 1528 beau
2084 1492 2173 1527 sur
2194 1479 2243 1528 ia
2266 1480 2408 1540 toiie,
2430 1492 2529 1542 que
2552 1479 2682 1527 dans

497 1574 597 1610 nne
622 1560 738 1610 Ode
762 1560 1045 1625 heroi’que.'
1131 1561 1279 1610 Bene
1313 1561 1429 1620 hoc,
1464 1570 1520 1609 ut
1547 1558 1863 1621 videbimns;
1895 1560 1986 1609 sed
2022 1574 2121 1609 non
2160 1557 2309 1608 addit
2327 1572 2501 1607 veram
2526 1558 2683 1607 ratio·

496 1654 635 1704 uem,
664 1640 782 1688 dum
810 1641 933 1689 iiind
959 1640 1022 1689 de
1045 1647 1298 1703 apparatu
1321 1639 1579 1689 carnificis
1602 1639 1833 1703 subjicit,
1865 1640 2005 1704 quod
2045 1654 2199 1703 supra
2236 1639 2509 1701 posuimus.
2580 1637 2682 1686 Ex·

497 1722 748 1769 celieuter
770 1720 937 1783 potins
961 1719 1046 1769 lii.
1081 1720 1310 1781 Lessing.
1336 1721 1372 1768 1.
1397 1721 1429 1766 Ι.
1453 1718 1570 1767 ideo
1593 1720 1865 1782 elegantias
1888 1734 2093 1769 sensum
2118 1717 2310 1768 offendi
2344 1719 2438 1768 hac
2460 1717 2683 1782 imagIne

497 1802 590 1854 ait,
616 1800 854 1862 primum,
876 1799 1011 1862 quod
1039 1799 1187 1858 nimis
1210 1799 1475 1847 cumuiata
1507 1798 1606 1847 sint
1645 1799 1917 1862 attributa,
1949 1800 2096 1847 unius
2129 1800 2463 1862 ejusdemque
2487 1798 2562 1847 rei
2582 1798 2682 1861 sig·

496 1876 763 1928 nificandae
800 1892 984 1939 causa;
1022 1876 1229 1941 deinde,
1265 1876 1402 1942 quod
1439 1877 1610 1927 omnia
1648 1878 1901 1927 attributa
1925 1879 2050 1927 talia
2073 1880 2279 1941 proprie
2303 1879 2561 1928 destinata
2580 1877 2685 1925 sint

496 1959 675 2020 oculis,
706 1972 807 2009 non
845 1959 1074 2020 auribus,
1104 1967 1159 2008 et
1195 1957 1269 2007 sic
1302 1960 1518 2007 multum
1544 1958 1671 2007 lucis
1694 1965 1749 2007 et
1771 1958 2022 2008 claritatis
2058 1957 2402 2007 describendo
2423 1957 2680 2007 amittant.

496 2040 631 2089 Nam
663 2052 779 2088 cum
812 2039 944 2088 ideae
982 2038 1255 2087 abstractus
1295 2052 1513 2100 persona
1556 2038 1854 2092 induuntur,
1887 2038 2136 2087 artificem
2176 2038 2404 2103 quidem,
2440 2038 2527 2102 qui
2563 2036 2681 2086 solis

497 2120 658 2169 oculis
682 2120 811 2167 taiea
850 2118 1043 2180 figuras
1081 2117 1335 2180 subjicere
1375 2126 1566 2182 potest,
1600 2124 1810 2181 oportet
1831 2118 2085 2168 attributa
2106 2119 2389 2182 aiiegorica
2409 2119 2512 2166 iilis
2537 2115 2681 2166 affin·

497 2213 638 2260 gere,
672 2214 701 2246 e
742 2199 925 2261 quibus
957 2205 1303 2261 agnoscantur
1325 2198 1399 2262 (v.
1420 2213 1469 2248 c.
1492 2198 1871 2261 Temperantia·
1894 2198 2128 2261 fraenum,
2153 2198 2467 2247 Constantine
2491 2199 2682 2247 coium·

496 2276 668 2342 nano:
707 2277 797 2326 sed
826 2278 1010 2341 Poeta,
1048 2290 1148 2326 non
1173 2270 1225 2326 in
1249 2277 1430 2326 eadem
1454 2277 1767 2326 necessitate
1790 2277 2122 2332 constitutus,
2144 2276 2323 2326 vitium
2349 2277 2399 2325 in
2422 2290 2479 2325 se
2501 2277 2682 2326 admit-

497 2359 582 2421 tit,
601 2359 642 2406 si
668 2358 932 2406 attributis
957 2357 1146 2406 talibus
1170 2355 1551 2420 enumerandis,
1573 2370 1668 2405 nec
1694 2356 1864 2418 potius
1885 2357 2109 2419 actione,
2132 2357 2282 2407 talem
2307 2356 2520 2421 figuram
2546 2370 2681 2421 sym·

497 2440 714 2489 boiicam
738 2439 985 2488 declarat.
1053 2435 1170 2487 vid.
1193 2435 1273 2487 111.
1299 2438 1534 2501 Lessing.
1557 2439 1590 2487 1.
1614 2438 1649 2485 i.
1675 2452 1726 2500 p.
1749 2442 1861 2486 uo.

560 2518 712 2570 Quod
737 2533 837 2582 quo
862 2519 1150 2568 accuratius
1173 2517 1239 2566 ad
1265 2515 1604 2567 Horatianam
1634 2518 1967 2567 Necessitatis
1997 2518 2267 2581 imaginem
2291 2517 2543 2581 appiieari
2569 2530 2683 2581 pos-

496 2600 585 2660 sit,
619 2599 990 2649 observandum
1014 2603 1116 2662 est,
1138 2598 1274 2663 qnod
1296 2604 1352 2647 et
1373 2598 1426 2647 in
1451 2598 1603 2648 Obss.
1630 2598 1739 2661 jam
1782 2598 2085 2654 monuimus,
2110 2612 2139 2647 e
2164 2598 2364 2661 pictura
2385 2597 2684 2661 symbolica,

496 2693 612 2744 quae
636 2680 687 2728 in
713 2680 910 2742 templo
933 2679 1176 2728 Fortuna
1201 2678 1430 2727 Antiatis
1453 2685 1609 2737 esset,
1643 2693 1753 2726 eam
1777 2679 1909 2727 baud
1934 2678 2089 2727 dubie
2113 2693 2141 2726 a
2165 2679 2330 2727 Poeta
2347 2693 2459 2727 esse
2475 2691 2683 2742 expres·

496 2772 623 2808 sam.
688 2759 836 2809 Quod
863 2759 982 2807 iicet
1003 2757 1068 2806 ad
1092 2758 1442 2808 excusandum
1471 2759 1744 2807 Horatium
1770 2759 1940 2807 valere
1978 2758 2156 2822 possit,
2189 2773 2338 2822 quem
2373 2759 2681 2822 oportuerit,

497 2846 555 2886 ut
578 2835 895 2885 individuum
921 2836 1182 2899 Hymnum
1206 2835 1455 2900 efficeret,
1487 2839 1560 2887 ita
1585 2849 1690 2887 tem
1715 2839 2002 2892 instituere,
2038 2844 2091 2888 et
2119 2837 2276 2887 veluti
2303 2839 2517 2887 vinculis
2539 2839 2682 2902 inge-

495 2917 633 2966 nium
669 2915 956 2979 astringere
976 2931 990 2974 3
1013 2916 1150 2966 -iicet
1189 2913 1267 2964 vei
1305 2918 1551 2966 hactenus
1592 2918 1789 2966 landem
1826 2925 2105 2977 mereatur,
2140 2916 2272 2979 quod
2312 2924 2416 2966 tam
2455 2917 2683 2968 nobilem

496 2996 722 3045 tabuiam
746 2997 1128 3046 consecraverit
1149 3004 1359 3046 eternae
1384 2999 1674 3057 memoria-3
1710 3005 1881 3047 tamen
1920 2998 1969 3045 in
2011 3011 2073 3045 eo
2110 2995 2559 3058 reprehendendus
2581 3005 2682 3061 est,

495 3063 629 3141 quoii
654 3091 753 3125 non
778 3077 877 3125 aiio
901 3075 1052 3125 modo
1076 3091 1189 3125 eam
1212 3077 1489 3138 expressit.
1561 3078 1807 3126 vinxerat
1830 3075 2022 3125 artifex
2050 3077 2447 3139 Necessitatem,
2477 3086 2681 3140 gestan·

499 3166 602 3205 tem
629 3169 725 3204 una
748 3169 900 3204 manu
923 3157 1103 3204 clauum
1122 3162 1177 3204 et
1197 3171 1413 3218 cunam,
1437 3156 1602 3205 altera
1622 3171 1789 3205 uncum
1829 3163 1885 3205 et
1905 3156 2135 3219 liquidum
2152 3156 2430 3218 plumbum-t
2495 3158 2681 3208 Ciaris-

496 3236 625 3284 sima
648 3249 771 3284 sane
792 3242 922 3295 erat,
944 3234 1254 3283 vividissima
1276 3235 1457 3284 eadem
1483 3250 1546 3284 ac
1570 3236 1911 3299 pulcherrima
1933 3236 2216 3298 Aliegoria,
2237 3250 2353 3285 cum
2376 3238 2539 3286 ocniis
2561 3239 2679 3286 sub·

486 3316 780 3378 jiceretur3
815 3328 931 3362 nam
957 3328 1123 3378 neque
1144 3323 1350 3378 poterat
1372 3315 1525 3364 aliter
1549 3314 1759 3376 artifex,
1794 3323 1848 3364 ct
1871 3330 1984 3365 cum
2011 3329 2110 3365 nno
2139 3317 2321 3365 obtutu
2344 3318 2510 3366 omnia
2535 3319 2679 3367 attri-

497 3393 622 3442 buta
659 3392 806 3441 simui
846 3401 1202 3454 cernerentur,
1232 3395 1406 3442 ocuios
1448 3395 1773 3458 animumque
1796 3407 1995 3444 summa
2017 3395 2066 3443 vi
2096 3395 2368 3445 feriebant.
2431 3398 2534 3446 Sed
2557 3397 2681 3447 dum

496 3472 745 3522 Horatius
770 3487 872 3521 non
896 3473 992 3520 nisi
1013 3481 1277 3521 enumerat
1300 3487 1361 3521 ea
1384 3473 1656 3528 attributa,
1679 3489 1931 3538 unumque
1956 3481 2072 3536 post
2097 3475 2315 3524 alterum
2340 3477 2485 3524 nobis
2509 3484 2680 3527 osten·

493 3553 588 3608 dit,
623 3552 876 3615 frigemus
911 3567 1052 3613 sane,
1087 3560 1140 3601 et
1178 3557 1300 3601 ante
1341 3554 1566 3602 tabulam
1602 3555 1722 3603 vitm
1761 3562 2030 3616 expertem
2054 3555 2199 3603 nobis
2222 3562 2378 3616 stare,
2411 3570 2473 3605 ac
2496 3571 2559 3606 ne
2582 3557 2680 3607 boc

497 3633 723 3697 quidem,
757 3634 848 3683 sed
886 3624 1182 3696 fragmenta
1206 3633 1390 3682 tabuiae
1415 3633 1605 3682 intueri
1629 3634 1774 3682 nobis
1799 3633 2053 3697 videmur,
2087 3633 2222 3684 unde
2248 3637 2519 3698 imaginem
2543 3651 2682 3686 com·

497 3727 688 3775 ponere
714 3714 858 3762 nobis
883 3714 1010 3778 ipsis
1033 3715 1267 3764 relictum
1294 3715 1380 3764 sit.
1438 3713 1591 3766 Quod
1614 3728 1736 3783 sane
1757 3729 1907 3764 nemo
1930 3716 2057 3777 vuit,
2076 3715 2195 3764 dum
2221 3716 2439 3765 Carmen
2463 3717 2680 3780 lyricum

496 3793 640 3856 legit.
706 3794 1000 3856 Oportebat
1029 3794 1402 3844 Necessitatem
1427 3794 1641 3857 ejusque
1666 3796 1786 3853 vim,
1818 3810 1847 3842 a
1892 3795 2053 3844 Poeta
2091 3809 2404 3858 expressam,
2429 3798 2602 3846 vivere
2625 3806 2681 3847 et

497 3887 670 3937 agere,
693 3874 994 3937 participem
1019 3887 1134 3923 esse
1158 3876 1394 3936 actionis,
1417 3889 1535 3940 quae
1558 3875 1610 3924 in
1634 3875 1873 3924 Carmine
1898 3883 2078 3938 regnat
2097 3891 2113 3935 3
2135 3876 2411 3940 oportebat
2430 3876 2679 3928 lectorem

563 4127 585 4173 t
619 4120 720 4170 Sed
746 4121 999 4185 quomodo
1025 4121 1165 4185 pingi
1192 4123 1358 4185 potuit
1383 4124 1613 4188 liquidum
1633 4123 1900 4187 piumbum?
1947 4123 2165 4175 Scilicet
2186 4125 2265 4174 vei
2292 4125 2495 4174 vascnio
2517 4127 2677 4174 certas

497 4199 711 4262 aiicujus
736 4201 911 4263 figurae
938 4203 987 4250 id
1013 4202 1317 4266 siguificare,
1353 4206 1433 4253 vei
1457 4205 1665 4254 metatio
1688 4205 1973 4267 exprimere
1996 4206 2164 4269 potuit
2188 4206 2370 4270 pictor.
