3050 4875
1017 414 1427 465 causitum:
1484 416 1626 462 mu.
1680 417 1756 462 ιι.
1805 400 1910 463 18.

686 552 946 631 Africa,
977 570 1194 638 neque
1220 555 1431 622 Attali

2401 400 2534 463 345

2490 558 2535 618 5

772 654 1044 737 Ignotus
1072 657 1562 739 haeresyegiam
1593 658 1949 740 occupavi,

339 810 417 860 bes
434 811 706 861 innituntur
724 813 950 862 columis
976 820 1189 864 extrema
1209 814 1261 863 ιἰι
1284 815 1451 873 Africa
1473 815 1661 865 excisis.
1704 813 1892 879 'Neque
1912 814 2074 864 Attali
2096 816 2244 867 hoeres
2262 815 2532 878 incognitas

1242 960 1600 980 §come

340 1056 596 1113 putarunt
637 1052 729 1101 viri
754 1053 894 1104 docti
912 1068 1026 1104 esse
1052 1058 1284 1119 potuisse
1325 1060 1498 1108 trabes
1541 1074 1872 1117 marmoreas.
1905 1060 2025 1109 dum
2062 1058 2273 1123 proprie
2310 1073 2527 1121 accepe-

326 1123 459 1163 runt
479 1116 547 1189 de
571 1117 801 1190 trabibus
825 1127 1105 1182 tectorum,
1125 1122 1498 1187 cubiculorum,
1522 1132 1627 1174 cet.
1692 1125 1886 1174 Trabes
1910 1125 2092 1173 ultima
2115 1125 2305 1173 recisas
2335 1121 2529 1184 Africa,

339 1193 453 1228 esse
477 1182 841 1243 intelligendas
865 1183 1074 1244 citreas,
1098 1200 1163 1234 ex
1188 1190 1396 1249 arbore,
1426 1203 1577 1252 qnam
1598 1188 1780 1252 Thyan
1815 1187 2010 1248 Graeci,
2029 1188 2218 1238 citrum
2248 1189 2415 1237 Latini
2442 1203 2526 1238 vo-

337 1252 480 1299 cent,
502 1259 719 1308 qumque
739 1246 791 1294 in
819 1247 1150 1297 Mauretania
1189 1250 1430 1300 habitarit
1457 1268 1471 1312 ;
1506 1256 1772 1301 columnas
1796 1253 2093 1316 Hymettias
2128 1253 2254 1301 satis
2291 1252 2527 1301 celebres

337 1322 471 1361 esse.
528 1309 633 1358 Sed
659 1311 730 1357 ita
752 1324 855 1358 non
874 1320 974 1371 est,
995 1312 1135 1376 quod
1159 1313 1460 1376 boreamus,
1478 1325 1539 1366 ut
1558 1318 1730 1381 potius
1748 1317 2097 1366 architectura
2115 1317 2329 1381 antiqua
2351 1318 2530 1378 vulga-

337 1379 441 1421 tam
467 1380 690 1442 tueatur.
756 1374 1059 1440 Quanquam
1098 1375 1386 1436 fatendum,
1423 1382 1798 1446 elegantiorem
1825 1395 1988 1446 prope
2015 1380 2284 1430 verborum
2303 1387 2530 1431 structu-

1324 1509 1375 1559 N
1380 1509 1538 1559 01·AE

333 1601 382 1649 le
398 1599 606 1663 quidem
622 1600 904 1657 abundans,
917 1602 1100 1666 insigni
1121 1618 1242 1653 vero
1256 1619 1388 1655 mar-

332 1690 476 1726 more
501 1678 685 1726 clarus.
728 1677 864 1726 Plin.
892 1690 1033 1729 xvn.
1059 1684 1105 1728 1.
1129 1682 1389 1731 columnas

334 1760 554 1815 quatuor
582 1751 839 1814 Hymettii
875 1758 1143 1803 marmoris
1178 1758 1243 1806 ad
1278 1773 1388 1808 sce-

332 1840 450 1875 nam
472 1825 751 1876 ornandam
774 1827 1019 1878 advectas
1044 1829 1222 1882 refert.
1276 1834 1388 1883 Has

335 1918 491 1967 porro
512 1913 721 1954 centum
750 1904 973 1954 millibus
999 1920 1257 1958 nummum
1284 1924 1387 1959 em·

332 1988 412 2029 tas
435 1980 510 2028 ait
531 1979 650 2029 vni.
673 1980 818 2029 Max.
854 1981 999 2030 Idem
1021 1983 1159 2034 Plin.
1184 1998 1387 2038 xxxvi.

332 2059 379 2105 8.
396 2055 470 2104 ita
483 2054 694 2105 scribit:
729 2058 744 2082 ‘
775 2056 1267 2109 L.Crassus0rator
1285 2060 1386 2122 pri-

329 2142 441 2178 mns
483 2130 745 2193 peregrini
798 2132 1068 2180 marmoris
1122 2134 1384 2183 columnas

327 2204 511 2254 babuit
535 2205 584 2253 in
606 2204 790 2254 eodem
826 2206 1021 2269 palatio
1044 2207 1386 2271 Hymettias!

327 2280 445 2331 Val.
470 2282 614 2331 Max.
639 2296 717 2333 tx.
746 2286 792 2331 l.
853 2289 867 2311 ⁴
890 2284 987 2334 Cn,
1028 2286 1288 2336 Domitius
1327 2289 1387 2338 1..

329 2356 519 2408 Crasso
538 2359 749 2422 collegae
768 2373 880 2420 suo,
896 2360 1235 2425 altercatione
1254 2372 1386 2428 orta,

325 2433 519 2498 objecit
540 2433 679 2500 quod
715 2434 976 2485 columnas
1000 2435 1301 2501 Hymettias
1332 2439 1385 2488 in

324 2511 527 2574 porticu
545 2512 726 2561 domus
743 2510 992 2564 haberet!
1023 2512 1217 2577 Magna
1232 2529 1387 2578 porro

324 2589 405 2651 lis,
433 2588 694 2654 fuerintne
733 2590 911 2638 trabes
948 2589 1050 2638 iuae
1082 2590 1289 2656 lignem,
1314 2606 1379 2641 an

324 2679 645 2715 marmoree.
701 2665 893 2715 Verum
918 2665 1055 2715 enim
1076 2680 1108 2714 e
1131 2666 1271 2729 ligno
1293 2681 1383 2729 po·

325 2739 428 2790 tius
454 2740 725 2804 Hymettio
758 2755 910 2806 quam
933 2756 964 2791 e
994 2755 1246 2791 marmore
1268 2755 1384 2792 cre-

325 2815 577 2866 diderimz
599 2831 891 2881 quanquam
916 2823 969 2867 et
990 2832 1055 2866 ex
1076 2816 1250 2881 lapide
1277 2826 1384 2868 tra-

324 2890 420 2940 bes
436 2892 695 2954 extitisse,
706 2892 848 2942 clare
863 2891 1019 2942 docet
1038 2891 1175 2942 Plin.
1188 2905 1382 2944 xxxvi.

325 2972 374 3018 8.
401 2968 487 3019 ubi
510 2969 586 3017 sic
608 2968 795 3017 babet:
821 2971 836 2995 ‘
858 2968 1011 3017 Circa
1029 2968 1237 3031 Syenen
1258 2983 1381 3018 vero

321 3042 598 3092 Thebaidis
633 3043 890 3106 Syenites,
906 3056 1058 3106 quem
1094 3049 1214 3092 ante
1250 3042 1382 3106 Pyr-

324 3120 605 3183 ropoecilon
648 3117 924 3168 vocabant.
987 3117 1180 3167 Trabes
1213 3132 1279 3167 ex
1316 3132 1381 3169 eo

321 3194 496 3246 secere
523 3195 694 3258 Reges
717 3192 939 3258 quodam
961 3193 1242 3242 certamine
1261 3192 1382 3242 obe·

321 3273 474 3336 lineos
492 3271 889 3322 vocantesSolis
905 3270 1100 3320 numini
1117 3270 1383 3338 sacratos!

320 3348 458 3399 vide
475 3348 719 3399 strabon.
736 3346 827 3396 lib.
846 3359 925 3396 tx.
944 3346 1031 3396 ubi
1046 3361 1111 3395 ex
1127 3347 1381 3412 Hymetto

320 3423 568 3474 advectas
584 3421 760 3473 trabea
772 3422 949 3483 longas
961 3428 1017 3472 et
1033 3420 1220 3471 densas
1243 3436 1383 3473 com·

321 3507 591 3552 memorat.

384 3580 416 3627 4
457 3575 637 3627 Ultima
667 3573 844 3622 recisus
881 3573 1072 3636 Africa]
1104 3573 1381 3623 Columnas

320 3651 565 3715 intelligit
586 3665 616 3700 e
638 3663 894 3699 marmore
919 3648 1214 3710 Numidico,
1233 3649 1380 3711 cnjus

320 3727 546 3792 pretinm
577 3725 762 3788 ingens
801 3722 957 3772 fuisse
1005 3730 1231 3774 testatur,
1270 3723 1380 3773 Pli-

321 3806 433 3853 nius
454 3814 659 3852 xxxvi.
682 3803 733 3848 6.
756 3798 833 3847 bis
852 3798 1024 3849 verbis
1045 3813 1069 3854 z,
1092 3802 1107 3827 ‘
1125 3798 1202 3847 M.
1226 3798 1379 3863 Lepi-

320 3879 414 3928 dus
434 3876 604 3927 Catuli
637 3875 691 3924 in
719 3873 1002 3924 Consulatu
1032 3873 1253 3936 collega,
1275 3874 1378 3937 pri·

319 3968 428 4003 mus
449 3952 675 4002 omnium
699 3951 874 4000 limina
895 3951 931 3999 e*
946 3948 1222 4000 Numidico
1244 3964 1377 4000 mar-

319 4043 460 4082 more
482 4030 535 4077 in
568 4028 720 4077 domo
750 4025 937 4090 posuit,
973 4040 1159 4088 magua
1195 4039 1377 4089 repre-

317 4102 604 4155 hensione-⁹
674 4101 921 4153 Numidia
936 4099 1127 4151 Africa
1146 4102 1287 4166 regio
1303 4103 1378 4152 ul-

319 4181 465 4238 tima,
486 4186 543 4230 et
557 4178 780 4229 maxime
801 4177 1153 4229 occidentalis.

316 4307 325 4314 ,
383 4262 414 4305 6
451 4256 621 4321 Neque
634 4253 798 4308 Aaou
812 4254 1015 4316 Igu-om
1024 4253 1176 4305 heres
1195 4253 1379 4317 reg-iam

1469 1608 1709 1672 occupavi]
1745 1608 1859 1657 Nec
1893 1606 2071 1656 divitis
2103 1605 2406 1669 cujusquam
2427 1604 2529 1655 boe-

1470 1682 1744 1733 reditatem
1787 1684 2032 1747 captavi,‘
2053 1682 2220 1732 ullave
2257 1679 2439 1730 fraude
2475 1688 2530 1731 et

1469 1767 1585 1809 arte
1623 1762 1757 1810 mala
1789 1760 1973 1817 invasi,
2005 1759 2286 1822 opulentus
2323 1772 2527 1822 quoquo

1468 1836 1621 1885 modo
1643 1851 1753 1885 esse
1780 1837 1955 1885 volens
1973 1852 1988 1881 ε
2022 1835 2160 1884 sicut
2196 1832 2526 1883 Aristonicus

1466 1910 1642 1974 (quem
1667 1925 1789 1960 sane
1815 1910 2049 1974 respexit
2079 1910 2175 1958 boc
2207 1910 2323 1958 loco
2362 1908 2527 1958 Hora-

1465 1985 1601 2051 tius)
1645 2001 1857 2051 regnum
1905 1985 2040 2035 Asius
2087 1984 2182 2033 sibi
2230 1983 2526 2034 vindicavit.

1467 2063 1589 2112 Duo
1619 2060 1830 2112 fuerunt
1869 2062 2036 2112 Attali
2063 2061 2305 2125 Pergami
2341 2061 2528 2125 Reges.

1464 2137 1625 2187 Prior
1663 2138 1908 2188 Eumenis
1941 2136 2123 2198 frater,
2153 2138 2410 2201 posterior
2443 2152 2529 2186 au-

1465 2219 1569 2262 tem
1594 2213 1746 2263 filius.
1813 2213 1917 2264 Hic
1960 2212 2145 2262 Attalo
2188 2220 2375 2275 patruo
2411 2227 2528 2262 suc-

1467 2288 1625 2337 cessit
1651 2288 1703 2338 in
1727 2287 1868 2338 Asiae
1903 2287 2205 2351 Imperium.
2275 2288 2404 2337 Post
2432 2302 2526 2341 an-

1466 2376 1559 2411 nos
1584 2377 1705 2412 vero
1724 2364 1950 2428 quinque
1974 2362 2169 2412 instare
2187 2362 2287 2412 sibi
2305 2370 2524 2411 mortem

1464 2440 1695 2490 sentiens
1739 2439 1994 2501 Populum
2036 2439 2325 2488 Romanum
2366 2452 2524 2501 opum

1468 2528 1672 2563 suarum
1696 2514 1940 2577 regnique
1976 2512 2232 2563 heredem
2257 2527 2523 2576 nuncupa-

1471 2590 1564 2640 vit.
1601 2588 1753 2640 Quod
1775 2596 1833 2638 ut
1854 2590 2063 2653 accepit
2083 2588 2403 2640 Aristonicus
2423 2590 2523 2639 Eu-

1463 2664 1629 2714 menis
1663 2678 1727 2713 ex
1762 2663 1953 2726 pellice
1983 2663 2144 2725 filius,
2176 2664 2369 2726 regiam
2405 2665 2524 2714 stir-

1460 2753 1579 2801 pem
1613 2745 1903 2802 ostentans,
1936 2738 2234 2802 conscripto
2268 2740 2525 2802 exercitu,

1462 2813 1838 2876 Pergamenum
1874 2813 2217 2872 invasit,-&c.
2259 2813 2566 2876 principa-⁴·

1463 2897 1573 2940 tum
1598 2904 1659 2939 ac
1682 2889 2077 2939 dominationem
2102 2887 2244 2937 Asiae
2279 2887 2522 2952 obtinuit,

1462 2966 1637 3016 Crassi
1654 2980 1685 3014 a
1704 2965 1947 3015 Romanis
1960 2964 2101 3013 missi
2118 2964 2368 3014 Praetoris
2385 2963 2521 3014 frac-

1461 3038 1525 3089 tis
1552 3040 1740 3090 viribus
1762 3051 1819 3090 et
1843 3040 2173 3089 auctoritate.
2213 3038 2341 3089 Post
2363 3053 2521 3089 annos

1463 3130 1587 3165 vero
1609 3114 1724 3166 fere
1762 3123 1982 3181 quatuor
2016 3115 2311 3166 debellatus
2337 3131 2367 3166 a
2390 3116 2520 3166 Per·

1463 3207 1885 3257 penna,moxque
1903 3192 1969 3242 ab
1985 3191 2191 3255 Aquilio
2212 3193 2518 3243 Consulibus

1463 3268 1615 3331 plane
1658 3267 1920 3317 extinctus
1962 3274 2064 3315 est.
2144 3266 2386 3318 Justinns
2426 3268 2520 3318 lib.

1462 3354 1661 3391 xxxvr.
1686 3341 1783 3392 sub
1804 3340 1988 3391 finem:
2014 3347 2028 3369 ⁴
2048 3340 2110 3392 In
2135 3339 2259 3392 Asia
2282 3343 2395 3393 Rex
2420 3343 2519 3393 At-

1461 3417 1597 3465 talus
1633 3414 2053 3467 florentissimum
2091 3424 2148 3467 et
2187 3417 2254 3467 ab
2288 3418 2518 3469 Eumene

1461 3499 1650 3555 patruo
1694 3500 1970 3557 acceptum
2021 3507 2234 3556 reguum
2284 3493 2517 3543 caedibus

1462 3566 1698 3618 foedabat
1717 3602 1731 3618 .
1756 3602 1770 3617 .
1792 3603 1805 3619 .
1833 3602 1848 3618 .
1870 3568 2103 3618 morbum
2141 3581 2207 3616 ex
2241 3567 2375 3617 Solis
2413 3566 2518 3616 fer·

1461 3658 1586 3693 vore
1609 3643 1889 3704 contraxit,
1910 3651 1962 3691 et
1981 3643 2207 3707 septima
2228 3643 2313 3692 die
2336 3642 2518 3693 deces-

1459 3718 1545 3767 sit.
1611 3717 1780 3782 Hujirs
1820 3723 2131 3766 testamento
2155 3717 2322 3766 baeres
2345 3718 2521 3780 Popu-

1457 3795 1539 3844 lus
1581 3793 1838 3844 Romanus
1879 3799 2001 3843 tunc
2039 3791 2346 3844 instituitur.
2409 3795 2515 3845 Sed

1456 3879 1570 3921 erat
1593 3885 1659 3920 ex
1684 3870 1913 3919 Eumene
1945 3867 2267 3920 Aristonicus
2290 3882 2389 3918 non
2403 3869 2518 3933 jus·

1458 3956 1514 4000 to
1549 3947 1900 4010 matrimonio,
1928 3945 2020 3996 sed
2047 3960 2112 3994 ex
2136 3945 2323 4008 pellice
2345 3946 2518 4010 Ephe·

1457 4026 1537 4075 sia
1559 4024 1839 4074 citharista
1864 4020 2130 4086 cujusdam
2156 4020 2262 4070 filia
2293 4022 2515 4084 genitus,

1458 4100 1547 4167 qui
1572 4107 1690 4165 post
1713 4105 1929 4147 mortem
1962 4096 2132 4146 Attali
2164 4096 2308 4147 velut
2346 4105 2517 4160 pater-

1457 4191 1579 4226 num
1599 4187 1812 4237 regnum
1829 4172 2002 4221 Asiam
2020 4169 2353 4236 invasit,'&c.
2377 4171 2513 4224 vide

1458 4261 1513 4303 et
1538 4252 1677 4303 Flor.
1715 4262 1779 4299 11.
1801 4252 1883 4299 20.
1905 4247 1994 4298 ubi
2020 4247 2037 4279 ‘
2054 4247 2416 4313 Aristonicus,'
2435 4250 2512 4303 iu.
