3050 4875
986 411 1396 462 csnumun
1452 413 1602 462 ms.
1652 415 1698 462 1.
1745 400 1850 463 16.

2386 396 2515 462 148

584 550 855 616 Hostile
886 559 1168 618 aratrum
1197 555 1533 618 exercitus
1557 556 1873 619 insolens.

588 651 952 736 Compesce
981 661 1300 733 mentem3
1343 674 1448 718 me
1478 675 1736 739 quoque
1765 657 2063 740 pectoris

665 751 982 818 Tentavit
1007 755 1073 817 in
1104 754 1290 818 dulci
1308 753 1591 838 juventa

754 853 1034 934 Fervor‚
1063 863 1132 918 et
1160 855 1226 919 in
1252 856 1494 920 celeres
1528 854 1800 922 lambos

322 1007 670 1058 meminus.
737 1008 965 1059 Animum
986 1011 1201 1075 reprime.
1269 1011 1354 1061 Me
1385 1012 1532 1062 enan·
1566 1014 1756 1077 impulit
1787 1015 1942 1065 cordis
1961 989 2103 1064 «ι’-αυτ
2136 1014 2189 1064 ιη
2219 1027 2401 1064 amm
2419 1013 2513 1074 ja-

1241 1138 1600 1162 Omww

325 1222 386 1267 2³
419 1219 639 1269 Mentel.
668 1221 889 1271 Tentovit
909 1223 1054 1281 dulei,
1085 1222 1274 1272 omissa
1309 1224 1696 1287 praepositione.
1766 1224 2003 1274 Waddel.
2042 1224 2312 1274 Animadv.
2350 1223 2512 1273 Critt.

326 1297 378 1344 p.
409 1286 490 1332 ⁴8.
528 1283 709 1335 timide
742 1288 875 1350 conj.
908 1286 1087 1335 indulsi
1122 1287 1169 1335 ἰιι
1193 1286 1544 1347 juncum—24
1578 1288 1804 1340 Quidam
1845 1305 1931 1354 ep.
1967 1288 2111 1351 Jani,
2138 1289 2188 1337 in
2227 1287 2511 1338 celebres.—

1312 1414 1528 1465 NOTAE

327 1504 903 1568 constantinopolitanis
925 1506 1076 1570 irato,
1099 1507 1261 1559 refert
1284 1510 1377 1559 mi·

326 1587 499 1630 natum
524 1594 636 1630 esse
657 1582 858 1630 civitati
888 1584 1204 1647 vastitatem,
1223 1584 1379 1635 adeo-

324 1671 422 1720 que
441 1656 638 1720 ‘perper
654 1660 824 1713 βαλεῖν
839 1658 944 1708 κατ’
967 1659 1132 1718 αἰπήν·
1164 1666 1380 1711 matrum

1520 1515 1587 1561 22
1623 1512 1869 1575 Compesce
1909 1513 2133 1577 mum]
2181 1511 2512 1577 Quandoqui-

1458 1584 1577 1635 dem
1622 1587 1780 1650 igitur
1820 1596 1924 1637 tam
1968 1585 2117 1636 ferox
2160 1596 2216 1636 et
2260 1587 2515 1648 impotens

1460 1661 1538 1710 ira
1561 1670 1662 1725 est,
1682 1669 1740 1711 ut
1772 1664 1835 1713 ed
1870 1663 2052 1713 ultima
2074 1676 2296 1727 queque
2323 1670 2517 1724 praeter

323 1733 376 1780 is
406 1746 509 1786 eam
541 1732 872 1784 &umbem-snt.
935 1735 1136 1785 Seneca
1169 1736 1236 1786 de
1263 1736 1380 1786 Cle·
1448 1738 1540 1801 jus
1579 1746 1634 1789 et
1674 1739 1754 1789 fas
1796 1741 1988 1804 adigat,
2030 1754 2206 1804 quoeso
2257 1739 2520 1790 obtestor·

326 1808 519 1857 mentia
538 1819 575 1855 1.
601 1810 681 1855 26.
705 1812 720 1834 ‘
744 1807 973 1871 Injicere
997 1810 1152 1860 tectis
1173 1809 1382 1873 ignem,'

327 1880 514 1945 inquit,
534 1882 551 1909 ⁸
574 1887 801 1931 aratrum
821 1885 1037 1935 vetustis
1069 1884 1280 1934 urbibus
1304 1885 1380 1934 in·

326 1954 538 2017 ducere,
571 1956 858 2018 potentiam
886 1960 1076 2023 putat!
1137 1962 1303 2012 Quem
1327 1961 1379 2010 in

322 2030 491 2080 locum
515 2030 569 2081 J.
595 2032 800 2096 Lipsius
822 2035 952 2086 citat
982 2035 1190 2086 Horatii
1213 2037 1380 2087 locum

323 2120 476 2169 que-m
516 2106 857 2171 explicamus,
888 2110 1094 2175 sitque:
1130 2126 1241 2161 mos
1266 2117 1381 2162 erat

324 2181 425 2230 iste
461 2180 514 2229 in
552 2182 848 2234 evertendis
880 2184 1000 2233 olim
1036 2185 1282 2236 urbibus=
1327 2195 1381 2236 et

325 2256 463 2305 sicut
487 2264 664 2306 aratro
685 2257 1060 2323 condebantur,
1100 2262 1174 2310 ita
1208 2270 1382 2312 aratro

323 2333 520 2395 pariter
541 2333 907 2395 significabant
929 2337 1195 2387 exscindit
1229 2337 1382 2388 affert

325 2422 527 2473 quoque
568 2409 916 2461 Modestinum
959 2411 1242 2464 Juriscons.
1286 2420 1302 2444 ⁶
1324 2414 1381 2465 Sl

326 2481 646 2534 ususfructus
690 2484 892 2536 civitati
943 2488 1149 2550 legatus
1193 2489 1284 2551 sit,
1325 2498 1383 2540 et

325 2566 557 2608 aratrum
609 2559 661 2608 in
709 2573 825 2609 eam
874 2561 1156 2625 inducitur,
1198 2565 1384 2615 civitas

324 2651 441 2686 esse
465 2635 684 2687 desinitz
719 2644 778 2687 ut
804 2653 957 2702 passa
986 2648 1070 2690 est
1093 2641 1381 2707 Cartbago;

324 2711 546 2775 ideoque
582 2713 727 2777 quasi
760 2720 924 2764 morte
962 2715 1152 2766 desinit
1190 2717 1379 2767 babere

327 2785 730 2837 usumfructum!
797 2789 932 2840 Vide
968 2790 1152 2841 Isidor.
1179 2806 1272 2842 xv·
1298 2797 1379 2842 11.

328 2861 458 2910 Coel.
481 2861 705 2925 Rhodig.
730 2870 950 2913 xxvt.5.
973 2865 1126 2915 Alex.
1147 2867 1214 2917 ab
1227 2867 1380 2919 Alex.

325 2949 403 2985 vi.
430 2940 510 2985 14.
535 2937 620 2987 nbi
646 2952 747 2987 non
771 2939 1086 2990 adificandis
1121 2942 1274 2992 modo
1303 2957 1383 2991 ur·

327 3011 491 3073 bibus,
508 3013 600 3062 sed
623 3023 679 3063 et
705 3014 939 3066 funditus
957 3018 1248 3067 evertendis
1271 3032 1383 3067 ara·

328 3094 464 3138 trum
486 3088 658 3138 induci
678 3091 773 3152 eit,
790 3091 936 3155 quasi
952 3100 1157 3155 segetes
1174 3092 1248 3142 ibi
1266 3109 1381 3142 mox

326 3161 532 3212 futuras
553 3165 899 3215 denotaretur.
968 3166 1134 3216 Immo
1157 3167 1383 3230 quando-

329 3253 430 3301 que
467 3242 662 3289 tantum
697 3248 777 3290 est
810 3240 1003 3305 odium,
1026 3248 1203 3291 tantus
1237 3244 1384 3293 ulcis·

329 3313 482 3362 cendi
504 3315 786 3378 appetitus,
807 3324 865 3364 ut
885 3330 1034 3364 versa
1054 3323 1225 3365 aratro
1244 3325 1384 3366 terra

326 3391 434 3438 sale
468 3389 816 3452 inspergatun
858 3390 925 3439 ad
966 3404 1079 3439 eam
1117 3391 1383 3441 sterilitati

283 3512 294 3518 ,
331 3462 687 3515 damnandam.
718 3464 873 3515 Quod
897 3465 1107 3529 egregie
1130 3480 1221 3514 sno
1241 3480 1381 3515 more

330 3539 595 3602 explicans
613 3538 670 3589 S.
691 3537 905 3588 Hieron.
923 3540 974 3588 in
989 3538 1179 3588 Μαίη).
1197 3553 1313 3602 cep.
1329 3553 1379 3588 v,

330 3619 344 3642 ⁸
369 3613 646 3678 Legimus?
667 3614 850 3677 inquit,
884 3616 900 3642 ‘
923 3614 977 3663 in
999 3615 1273 3677 scripturis
1296 3629 1380 3664 ur-

329 3687 420 3736 bes
442 3688 686 3753 quasdam
710 3687 789 3737 ira
810 3689 1059 3739 victorum
1094 3691 1198 3738 sale
1232 3691 1380 3739 semi·

332 3770 498 3824 natas,
520 3769 580 3811 ut
600 3763 796 3811 nullum
819 3763 870 3811 in
895 3762 1020 3826 ipsis
1048 3777 1255 3828 germen
1280 3765 1381 3812 ori-

331 3837 508 3887 retur!
571 3835 786 3886 Scilicet
806 3837 978 3888 Judic.
1006 3837 1153 3900 libro,
1169 3852 1285 3900 cap.
1305 3849 1381 3886 tx.

333 3910 600 3961 Abimelec
655 3912 1042 3962 sichimitarum
1095 3912 1382 3963 maledictis

331 3987 667 4037 exacerbatus
688 4000 862 4035 eorum
889 3988 905 4013 ⁸
924 3986 1101 4036 urbem
1125 3987 1284 4050 cepit,
1308 3987 1382 4035 in·

333 4061 571 4114 terfectis
602 4061 978 4113 habitatoribus
1014 4063 1139 4126 ejus,
1157 4063 1382 4127 'ipsaque

333 4138 620 4203 destructa,
656 4139 733 4190 lte
771 4142 832 4187 ut
873 4137 949 4186 sal
986 4139 1038 4188 ln
1081 4153 1144 4188 ee
1186 4139 1382 4204 disper·

333 4215 517 4275 geret:

1458 1827 1578 1876 qne,
1599 1828 1663 1864 ne
1694 1815 1744 1864 ei
1774 1815 2057 1878 indulgeas,
2090 1815 2181 1864 sed
2221 1828 2515 1875 compescas

1459 1896 1684 1938 mentem
1734 1890 2054 1940 iracundam.
2133 1890 2271 1940 Nem
2319 1896 2375 1938 et
2417 1904 2516 1953 ego

1461 1964 1594 2011 male
1619 1978 1700 2013 me
1724 1964 1823 2028 ipsi
1846 1964 2120 2015 indulsisse
2135 1964 2512 2027 jawagnosco.

1461 2036 1613 2087 Unde
1650 2045 1706 2087 at
1738 2044 1920 2088 nutare
1954 2053 2128 2102 quaro.
2207 2036 2517 2088 Juveniliter

1462 2114 1515 2163 in
1549 2114 1749 2177 culpam
1785 2116 1955 2176 lapsus
1992 2129 2135 2163 sume
2186 2128 2321 2163 nunc
2355 2120 2513 2163 etate

1461 2186 1631 2238 factus
1653 2189 1956 2252 sapientior,
1972 2190 2129 2238 errati
2150 2189 2351 2238 veniam
2376 2195 2513 2252 peto.

1525 2265 1614 2313 Me
1648 2278 1821 2327 quoque
1857 2266 2076 2327 pectoris,
2107 2262 2216 2328 ξω]
2259 2266 2339 2313 Ex
2361 2263 2516 2314 dictis

1457 2337 1623 2387 infert
1644 2338 1890 2388 Horatius
1910 2339 2046 2389 idem
2071 2338 2182 2388 fere
2199 2338 2335 2402 quod
2360 2337 2520 2387 babet

1463 2414 1648 2464 Cicero
1687 2413 1752 2463 ad
1791 2411 1955 2464 Attic.
1985 2427 2026 2464 1.
2063 2417 2138 2463 14.
2184 2413 2274 2463 ‘Si
2308 2413 2515 2478 quidem

1461 2489 1535 2538 ita
1550 2489 1812 2551 statueris,
1825 2498 1881 2538 et
1898 2488 2175 2539 irritabiles
2193 2489 2386 2537 animos
2404 2503 2517 2539 esse

1463 2563 1772 2626 optimorum
1816 2578 1958 2627 saepe
1993 2563 2273 2623 bominum,
2318 2571 2371 2612 et
2404 2577 2517 2613 eos-

1464 2639 1580 2687 dem
1614 2637 1916 2701 placabiles,
1960 2646 2015 2688 et
2055 2653 2170 2687 esse
2205 2640 2335 2687 banc
2372 2638 2518 2700 agili·

1462 2720 1623 2763 tatem
1664 2716 1749 2777 (ut
1794 2714 1867 2763 ita
1906 2711 2103 2776 dicam)
2146 2713 2516 2777 mollitiemque

1460 2793 1681 2848 naturas!
1705 2789 2004 2853 plerumque
2053 2788 2303 2848 bonitati;
2350 2794 2423 2852 et,
2463 2787 2516 2837 id

1458 2862 1597 2926 quod
1620 2869 1777 2925 caput
1809 2871 1908 2927 est,
1933 2862 2075 2913 nobis
2108 2864 2245 2912 inter
2278 2877 2370 2911 nos
2399 2876 2517 2912 nos-

1466 2943 1545 2983 tra
1580 2936 1690 2984 sive
1725 2937 2064 3002 incommoda,
2098 2938 2207 2986 sive
2239 2938 2383 2998 vitis,
2407 2937 2516 2986 sive

1463 3012 1681 3075 injurias
1703 3028 1817 3062 esse
1851 3013 2171 3075 tolersndas3
2211 3013 2365 3062 facile
2382 3014 2517 3073 baec,

1463 3086 1890 3150 quemadmodum
1924 3102 2098 3151 spero,
2128 3087 2519 3150 mitigabuntur.

1464 3161 1618 3212 Quod
1661 3176 1759 3224 ego
1798 3170 1853 3210 nt
1891 3161 2053 3211 facias
2098 3169 2151 3212 te
2190 3176 2297 3220 oro,
2335 3162 2423 3226 qui
2462 3172 2516 3212 te

1466 3237 1615 3285 unice
1638 3236 1835 3299 diligo,'
1859 3240 1959 3287 &c-

1529 3316 1593 3361 23
1628 3312 1688 3361 In
1722 3313 1850 3361 dulci
1872 3311 2097 3375 juventu]
2133 3311 2247 3362 Quo
2284 3313 2517 3375 volupta-

1464 3392 1571 3434 tum
1596 3385 1794 3435 avidior
1815 3393 1895 3435 est
1912 3386 2138 3449 juvenis,
2159 3400 2222 3434 eo
2250 3393 2329 3435 est
2349 3387 2519 3436 irrita·

1463 3459 1632 3516 bilior,
1663 3460 1707 3509 si
1741 3467 1996 3524 negentur
2024 3475 2101 3511 eae
2126 3462 2189 3509 ad
2215 3477 2339 3525 quas
2363 3463 2515 3510 anhe-

1462 3536 1556 3593 lat,
1581 3536 2031 3601 vehementiusque
2065 3535 2130 3584 ad
2166 3535 2515 3584 ulciscendum

1463 3610 1647 3662 fertur.
1714 3611 1777 3661 td
1810 3612 1906 3661 sibi
1949 3612 2232 3674 contigisse
2269 3611 2514 3659 Horatius

1462 3685 1676 3747 fatetur,
1707 3696 1863 3750 atque
1901 3686 2103 3734 lambos
2140 3686 2215 3734 ita
2247 3686 2518 3747 scripsisse

1465 3762 1730 3810 mordaces
1752 3760 1975 3824 quidem,
1995 3759 2113 3808 dum
2138 3774 2239 3808 nou
2268 3760 2369 3809 alia
2397 3775 2517 3823 sup-

1465 3843 1671 3900 peteret
1692 3836 1825 3884 ratio
1846 3834 2061 3884 sedendi
2086 3835 2307 3885 animum
2343 3850 2515 3886 umore

1464 3918 1520 3960 et
1559 3912 1638 3959 ira
1654 3911 1916 3969 smum.
1984 3908 2058 3960 At
2091 3924 2228 3959 nunc
2261 3912 2437 3960 laudes
2460 3918 2517 3960 et

1463 3986 1698 4057 encomia
1720 3999 1776 4035 se
1798 3986 2109 4049 scripturum
2139 3986 2434 4047 pollicetur,
2458 3993 2517 4035 ut

1463 4061 1604 4125 quasi
1630 4060 1801 4110 deleat
1812 4075 1924 4125 quae
1943 4061 2113 4111 tristis
2136 4061 2274 4123 prius
2297 4070 2351 4110 et
2371 4075 2517 4110 scer·

1463 4135 1530 4185 bs
1567 4136 1868 4199 scripserat.
1938 4135 2089 4192 Nam,
2132 4134 2269 4198 quod
2316 4137 2389 4187 ait
2428 4149 2513 4186 ιιι.

1465 4210 1570 4261 od.
1598 4216 1676 4261 1⁴.
1701 4219 1714 4240 ⁴
1742 4211 1891 4261 Lenit
1912 4211 2176 4263 albescens
2208 4212 2401 4263 animos
2428 4229 2513 4263 cs·
