3050 4875
1286 404 1701 454 rnAErA‘rro.
2550 392 2595 452 5

387 550 599 616 etiam
644 546 1259 632 antiquissimorum
1280 609 1287 616 .
1312 548 1803 630 exemplarium
1848 546 2144 631 copiam,
2173 552 2239 611 et
2261 548 2600 613 adhibeat

388 652 474 716 ad
503 671 653 718 eam
678 670 820 716 rem
851 649 1234 732 patientiam
1267 650 1438 714 satis
1469 651 1768 734 longam,-
1797 649 1914 714 ille
1943 651 2112 714 sorte
2141 648 2250 715 hic
2279 650 2436 715 inde
2477 650 2598 718 ad-

386 756 516 824 huc
542 754 723 822 ultra
746 753 1116 818 Baxterum
1145 750 1401 817 Flacco
1431 754 1751 835 prodesse
1781 759 1999 836 queat.

476 855 749 939 Nempe
806 853 895 918 ad
950 853 1083 918 hoc
1138 872 1315 918 nunc
1368 853 1772 919 veniendum
1833 861 1962 917 est.
2077 853 2593 920 Wlnmssnuus

386 958 873 1034 BAx‘rnnus:
901 958 1002 1021 vir
1044 955 1683 1034 doctus,1Richa1-di
1736 955 1984 1020 nobilis
2033 949 2361 1039 Theologi
2390 956 2595 1023 fratre

385 1060 680 1143 genitus,
710 1057 984 1139 ὀψιμαθὴς
1010 1058 1129 1123 ille
1157 1057 1447 1143 quidem,
1476 1058 1596 1123 sed
1630 1058 1794 1123 item
1818 1065 2041 1123 tamen
2067 1055 2594 1139 πολυμαθέστατος,

388 1162 511 1246 qui
544 1163 613 1226 in
641 1161 850 1227 literis
875 1160 1276 1246 antiquariis
1323 1159 1790 1225 Britannorum
1819 1177 2112 1239 suorum,
2143 1165 2281 1250 tum
2312 1159 2593 1228 Graeco-

385 1281 537 1328 rum
568 1263 1188 1347 Romanorumque,
1221 1268 1292 1329 et
1317 1262 1747 1327 institutione
1776 1280 2151 1345 puerorum,
2188 1269 2259 1327 et
2288 1281 2358 1326 re
2388 1265 2595 1342 tenni,

387 1365 761 1442 consenuit,
793 1369 1021 1430 auctor
1066 1368 1086 1397 ‘
1108 1363 1445 1428 Glossarii
1474 1361 1981 1447 Antiquitatum
2011 1363 2596 1443 Britannicarum:

388 1465 577 1531 dedit
603 1465 890 1531 Londini
921 1481 1269 1542 mousom,
1298 1463 1451 1530 Svo.
1500 1470 1520 1499 ‘
1557 1463 1645 1544 Q.
1680 1466 1954 1531 Horatii
1986 1464 2223 1530 Flacci
2253 1463 2596 1547 Eclogas:

386 1587 543 1631 cum
574 1567 854 1632 scholiis
899 1557 1278 1652 ‘praecipue
1323 1566 1740 1650 antiquorum
1774 1566 2405 1644 Grammaticorum,
2446 1567 2591 1633 He-

386 1669 551 1734 lenii
572 1667 889 1745 Acronis,
908 1668 1409 1754 Pomponiique
1438 1668 1942 1755 PorphyrioniS‚
1960 1688 2243 1754 quorum
2266 1669 2593 1755 reliquias

386 1771 595 1837 scedis
625 1772 1257 1857 interpolationibus
1282 1778 1603 1856 purgatas
1633 1791 1717 1838 ac
1743 1771 1883 1836 fere
1914 1772 2214 1854 integras
2244 1771 2594 1856 reponere’

392 1893 466 1938 se
490 1877 801 1958 putabat.
862 1873 1106 1940 Utrum
1134 1892 1263 1938 suo
1295 1874 1507 1939 solius
1535 1875 1805 1958 ingenio
1835 1881 1906 1938 et
1925 1875 2184 1960 judicio
2214 1875 2281 1939 in
2305 1893 2594 1940 censura

390 1975 511 2041 illa
563 1975 959 2059 delectuque
1008 1981 1316 2041 versatus
1360 1976 1471 2052 sit,
1528 1995 1615 2040 an
1677 1975 2045 2059 adjumenti
2097 1977 2458 2060 quicquam
2504 1995 2592 2042 ex

390 2078 690 2161 antiquis
732 2077 922 2143 libris
962 2075 1299 2156 habuerit,
1330 2096 1689 2161 nusquam,
1722 2086 1912 2162 putu,
1941 2078 2235 2144 indicat:
2282 2078 2400 2146 sed
2430 2078 2594 2144 dum

388 2180 473 2244 de
518 2181 858 2264 praesidiis
908 2182 1210 2246 externis
1270 2188 1471 2263 tacet,
1517 2181 1786 2261 fatetur,
1841 2182 2068 2260 credo,
2114 2182 2300 2247 nulla
2349 2200 2425 2246 se
2473 2182 2594 2249 ha·

388 2286 648 2352 buisse.

480 2387 790 2469 Ceterum
842 2387 1002 2454 mihi
1050 2407 1182 2454 non
1229 2395 1337 2453 est
1383 2388 1683 2466 dubium,
1737 2388 1901 2472 quin
1963 2389 2350 2473 plerumque
2410 2397 2590 2456 certe

384 2493 558 2557 bene
591 2491 913 2575 judicarit
954 2495 974 2524 ‘
1002 2492 1098 2555 vir
1125 2491 1489 2557 reconditae
1518 2491 1956 2569 eruditioni3,'
2003 2501 2079 2558 ut
2122 2493 2313 2557 illum
2358 2493 2589 2577 appel-

382 2592 479 2658 lat
521 2612 791 2658 severus
839 2612 1075 2659 censor
1122 2592 1600 2658 Bentleius‘ad
1655 2610 1705 2657 1.
1755 2591 1891 2658 Od.
1939 2596 2003 2660 3.
2029 2593 2148 2661 20.
2195 2595 2311 2678 qui
2355 2598 2375 2627 ‘
2407 2594 2593 2659 docti

376 2695 807 2778 interpretis'
831 2693 1148 2777 elogium
1194 2695 1290 2759 illi
1337 2714 1469 2759 non
1513 2695 1790 2773 invidet,
1821 2715 2035 2780 neque
2062 2715 2214 2760 eum
2247 2697 2589 2778 reprehen-

384 2797 508 2876 dit,
537 2798 730 2863 ut'ad
761 2813 844 2862 n.
871 2797 1016 2869 Sat.
1042 2797 1109 2861 3.
1138 2796 1248 2860 28.
1279 2796 1350 2860 it.
1384 2812 1465 2861 11.
1496 2797 1636 2862 Sat.
1664 2799 1727 2861 4.
1757 2799 1867 2863 67.
1959 2797 2048 2862 Et
2090 2816 2256 2862 sane
2291 2797 2587 2864 eruditus

383 2912 523 2977 est,
548 2917 631 2964 ac
656 2899 986 2965 doctrinae
1012 2897 1303 2961 melioris
1329 2897 1590 2981 aliquid
1619 2899 1815 2964 nobis
1843 2900 2166 2983 impertit,
2197 2899 2402 2966 etiam
2430 2920 2586 2965 cum

383 3006 583 3078 errat,
616 3007 730 3067 aut
769 3000 971 3067 nimis
1014 2998 1313 3080 indulget
1355 2999 1661 3081 ingeni03
1705 3000 1774 3064 id
1804 3002 1986 3084 quod
2026 3003 2377 3087 praecipue
2408 3004 2589 3068 circa

382 3102 543 3168 illas
573 3101 984 3184 Dilogias,·i.
1015 3121 1076 3165 e.
1119 3100 1524 3184 Allegorias,
1556 3107 1900 3187 tantopere
1931 3112 2193 3169 amatas
2225 3105 2394 3181 viro,
2423 3126 2588 3170 con·

383 3205 636 3287 tingere
662 3206 971 3281 observo,
1001 3222 1065 3266 v.
1096 3223 1158 3287 g.
1217 3220 1267 3269 r.
1297 3203 1427 3268 od.
1460 3205 1567 3268 15.
1598 3212 1667 3269 et
1696 3204 1807 3271 28.
1843 3216 1916 3271 et
1958 3206 2065 3272 34.
2115 3207 2194 3271 it.
2238 3222 2321 3272 ιι.
2356 3204 2487 3271 Od.
2520 3208 2585 3272 1.

382 3308 491 3373 11.
523 3312 590 3371 et
615 3306 685 3371 3.
708 3307 778 3371 3.
806 3317 878 3371 et
902 3305 1063 3370 4.·1.
1111 3311 1314 3388 atque
1342 3304 1407 3369 6.
1467 3304 1755 3395 denique
1797 3304 2083 3391 Epodon
2138 3324 2314 3371 xm.
2365 3310 2469 3373 12.
2514 3311 2586 3375 in

382 3407 628 3491 quibus
656 3407 832 3472 locis
857 3424 1094 3490 parum
1126 3403 1384 3475 videtur
1413 3424 1666 3473 memor
1692 3407 1900 3473 fuisse
1936 3429 2185 3489 eorum,
2215 3429 2370 3494 quae
2399 3412 2583 3477 salu-

381 3509 484 3574 bri
514 3509 797 3575 consilio
824 3508 975 3593 ipse
1021 3508 1285 3572 monuit
1314 3508 1403 3573 ad
1436 3526 1538 3573 iv.
1583 3507 1719 3576 Od.
1754 3511 1820 3577 7.
1856 3500 2174 3596 10.'(vid.
2214 3511 2587 3599 Addendst’)

384 3611 504 3677 sed
532 3618 609 3678 ut
638 3611 840 3677 simul
869 3620 1168 3677 moneret
1195 3610 1282 3675 de
1328 3615 1348 3645 ‘
1374 3613 1592 3677 tribus
1624 3611 1850 3692 horis,’
1883 3634 1938 3678 s.
1971 3615 2129 3680 anni
2175 3616 2587 3700 tempestati-

383 3716 533 3793 bus,
561 3711 742 3799 quod
789 3712 1022 3778 nescio
1077 3732 1167 3777 an
1210 3713 1469 3778 Latinis
1513 3713 1728 3780 literis
1779 3714 2119 3798 proditum
2169 3716 2279 3781 sit.
2369 3714 2579 3795 Quod

380 3816 729 3899 posteriori
757 3814 1069 3881 Editione
1110 3833 1380 3881 amarus
1424 3816 1755 3882 interdum
1784 3816 2053 3883 videtur
2084 3818 2156 3881 in
2187 3817 2583 3895 Bentleium,

379 3916 551 3984 forte
582 3917 671 3980 ab
700 3917 815 3983 illo
845 3919 1670 4001 contemtumscputabat,
1697 3918 1860 3999 (vid.
1892 3917 1980 3984 ad
2012 3935 2111 3983 ιν.
2140 3916 2271 3984 Od.
2303 3920 2409 3985 14.
2441 3917 2595 4005 10.)

442 4111 468 4136 ⁸
500 4101 605 4155 Qui
626 4099 695 4151 de
714 4099 812 4149 viri
836 4099 961 4150 vit·
981 4106 1039 4150 et
1075 4101 1246 4151 Libris
1279 4101 1436 4154 editi·
1520 4101 1762 4167 primum.

378 4178 694 4243 incultisque
728 4175 907 4225 doceri
941 4175 1136 4238 volunt,
1169 4175 1313 4227 adire
1347 4177 1438 4226 de·
1580 4177 1627 4242 [δ
1658 4178 1746 4228 Ad
1790 4177 2007 4229 anteri
2043 4189 2115 4227 nc.
2154 4175 2350 4228 Notum
2391 4178 2445 4228 in
2483 4177 2581 4229 Ed.

380 4254 506 4306 beat
538 4252 868 4319 Biographi·
902 4249 1221 4305 Britannico
1241 4262 1437 4305 tomum
1517 4253 1712 4318 Genu-J
