3050 4875
1228 402 1579 453 nous-ru.
2401 385 2489 453 31

298 543 367 606 ia
398 539 702 610 Pantheo
725 548 992 607 datam
1052 542 1187 607 Dio
1226 559 1388 610 mn.
1418 549 1591 609 extr.
1626 560 1772 611 ιιν.
1803 565 1900 629 pr.
1987 542 2166 610 Haee
2192 542 2498 628 prodigia

302 645 726 707 occasionem
753 642 1029 708 dedisse
1057 644 1366 709 videntur
1399 662 1448 709 ι.
1480 646 1612 711 od.
1639 646 1705 711 2.
1735 648 1892 711 licet
1917 645 2344 710 manifestum
2375 647 2496 724 sit,

299 744 796 808 commemorari
825 762 958 808 non
987 743 1111 810 illa
1138 746 1311 823 sola,
1340 747 1457 812 sed
1497 748 1691 830 plura
1719 748 1919 812 simul
1949 746 2110 823 alia,
2138 766 2294 829 quo
2320 766 2498 830 μω·-

301 846 680 909 cessissent.
781 843 1158 928 Angustum
1208 864 1422 910 rernm
1476 848 1761 929 potitum
1817 867 1968 912 eum
2026 845 2496 916 commendare

300 946 499 1010 vellet
523 944 752 1028 poeta,
779 950 1116 1028 tamquam
1145 964 1315 1022 eum,
1343 946 1462 1029 qui
1507 949 2021 1030 rempublicam,
2047 948 2248 1011 bellis
2274 948 2494 1012 civili-

300 1046 425 1110 bns
444 1046 798 1130 jactatam,
837 1046 1260 1111 restituturus
1288 1053 1504 1127 esset3
1550 1048 1722 1113 bella
1755 1055 1977 1113 antem
2007 1047 2240 1116 civilia
2265 1048 2493 1115 decla..

296 1148 427 1211 rari
481 1146 772 1210 solerent
814 1165 934 1229 per
976 1142 1142 1231 ἄγος,
1173 1147 1354 1230 quod
1398 1149 1787 1231 expiatione
1831 1148 2169 1231 indigeret,
2205 1149 2496 1234 deniqne

298 1246 609 1329 prodigia
638 1265 689 1311 a
708 1247 915 1328 longo
937 1247 1093 1311 inde
1122 1253 1425 1330 tempore
1447 1248 1792 1312 civitatem
1816 1250 1988 1334 ἂναγῆ
2011 1256 2082 1312 et
2105 1250 2493 1331 expiatione

298 1354 596 1429 egentem
640 1348 1086 1430 indicassent3
1148 1347 1519 1430 Augustum
1567 1368 1715 1413 eum
1760 1368 1913 1413 esse
1955 1358 2343 1430 auguratur,
2373 1351 2495 1434 qni

298 1448 627 1533 καθαρμοῖς,
656 1450 1153 1533 expiationibus
1181 1448 1500 1532 publicis,
1526 1448 2009 1533 rempublicam
2048 1449 2320 1533 piaculo
2350 1454 2493 1517 exi·

299 1556 533 1615 meret.
621 1549 700 1614 In
727 1550 974 1634 quibus
1001 1550 1407 1615 redeundum
1453 1559 1560 1616 est
1602 1550 1688 1614 ad
1738 1550 2051 1615 notiones
2089 1558 2380 1615 veterum
2409 1552 2495 1617 de

297 1650 753 1716 calamitatum
779 1651 1196 1734 publicarum
1225 1671 1431 1717 causa
1461 1652 1550 1716 ab
1589 1654 1689 1717 ira
1728 1651 2026 1715 Deorum
2069 1651 2376 1733 repetita,
2404 1672 2495 1718 ex

298 1757 631 1835 concepto
673 1751 964 1834 piaculo,
1002 1755 1070 1815 et
1119 1749 1203 1816 de
1250 1752 1652 1818 necessitate
1696 1752 2174 1835 expiationum.
2264 1752 2495 1834 Plura,

299 1872 455 1938 quae
483 1871 752 1917 carmen
780 1852 865 1916 ad
897 1852 962 1916 h.
991 1870 1055 1918 a.
1083 1852 1317 1918 referre
1347 1854 1697 1930 suadeant,
1728 1854 1799 1917 in
1828 1851 2033 1917 Obss.
2063 1853 2460 1920 monuimus.

384 1952 753 2036 Conjurant
781 1952 849 2017 in
878 1952 1253 2036 Augustum
1292 1955 1597 2019 Licinius
1625 1952 1845 2020 Varro
1875 1951 2187 2018 Muroena
2216 1965 2287 2019 et
2317 1953 2495 2020 Fan·

300 2054 448 2120 nius
477 2053 744 2139 Caepio.
828 2053 1167 2137 Augustus
1198 2056 1267 2118 in
1299 2053 1596 2119 Siciliam
1618 2054 1761 2119 abit
1794 2053 1967 2139 (Dio
1993 2068 2146 2116 mv.
2172 2053 2290 2134 6.),
2324 2056 2495 2121 unde

301 2156 374 2219 in
419 2154 707 2221 Parthos
751 2155 1169 2239 profecturus
1206 2160 1497 2238 putatur.
1588 2154 1806 2221 Paulo
1834 2159 1993 2219 ante
2021 2152 2191 2219 hanc
2237 2156 2493 2238 profec-

303 2255 561 2322 tionem
585 2258 839 2340 scrlpta
865 2256 1130 2321 videtur
1161 2274 1213 2321 1.
1242 2258 1453 2342 Epist.
1481 2260 1548 2322 9.

520 2444 611 2512 U.
655 2444 732 2511 C.
771 2444 924 2511 738.
958 2516 965 2525 ⁸
998 2440 1098 2509 M.
1127 2442 1416 2509 Lollius.
1481 2440 1571 2519 Q.
1599 2441 1916 2506 AEmilins
1957 2442 2283 2526 Lepidus.

986 2543 1077 2608 A.
1098 2543 1179 2609 C.
1208 2544 1314 2609 21.
1359 2541 1634 2606 Horatii
1662 2545 1773 2626 fi·

387 2663 658 2745 Scripta
709 2660 840 2726 boc
891 2679 1069 2726 anno
1113 2676 1164 2725 r.
1196 2659 1413 2743 Epist.
1452 2658 1562 2730 20.
1647 2655 1996 2745 Augustus
2023 2659 2091 2723 in
2131 2658 2494 2738 Graeciam,

298 2764 456 2829 hinc
477 2762 547 2826 in
578 2761 856 2826 Samum
882 2760 1176 2842 navigat,
1204 2759 1435 2842 ibique
1465 2758 1753 2842 hyemat.
1808 2757 2045 2822 Medio
2077 2778 2256 2823 anno
2287 2762 2495 2843 scrip·

301 2875 444 2934 mm
476 2862 695 2928 earm.
727 2879 841 2927 ιιι.
871 2861 981 2926 29.
1025 2860 1111 2925 ad
1164 2859 1635 2937 Maecenatem,
1677 2859 1954 2924 absente
1981 2858 2287 2943 Augusto
2324 2859 2498 2924 Urbi

301 2962 715 3048 praesectum.
803 2960 976 3028 Item
1004 2959 1249 3025 reseras
1277 2960 1407 3023 huc
1438 2956 1657 3024 Cam.
1685 2975 1767 3023 ιι.
1797 2959 1904 3024 13.
1935 2959 2116 3042 quod
2143 2978 2315 3024 anno
2342 2966 2500 3027 ante

306 3082 421 3132 ιιι.
450 3063 516 3129 8.
546 3064 873 3146 scriptum
904 3080 1080 3139 esse,
1110 3067 1371 3126 constat
1400 3079 1493 3124 ex
1520 3059 1718 3142 hujus
1745 3079 1847 3124 vs.
1873 3059 1937 3124 9.

529 3251 618 3316 U.
667 3249 747 3315 C.
792 3250 941 3316 734.
1033 3248 1133 3319 M.
1189 3247 1541 3333 Apuleius.
1636 3248 1717 3313 P.
1757 3246 1963 3314 Silius
2018 3247 2262 3315 Nerva.

951 3350 1039 3415 A.
1066 3348 1149 3416 C.
1178 3351 1291 3417 20.
1353 3349 1621 3415 Horatii
1647 3353 1755 3433 'H-

388 3468 655 3543 Asiam,
699 3467 1119 3552 Bytbyniam,
1153 3465 1420 3548 Syriam
1457 3463 1802 3547 Augustus
1848 3463 2093 3529 invisit.
2170 3460 2496 3529 Phraates

303 3573 493 3653 signa
519 3570 830 3653 Augusto
884 3578 952 3632 et
994 3567 1299 3649 captivos
1342 3564 1661 3644 remittit3
1709 3564 1846 3629 Dio
1896 3581 2046 3630 ων.
2084 3562 2149 3627 8.
2236 3562 2340 3628 Ba
2390 3584 2498 3628 res

304 3670 677 3754 magnificis
707 3669 929 3733 verbis
956 3687 999 3732 a
1030 3664 1261 3732 Poetis
1290 3666 1512 3730 ornari
1543 3667 1738 3733 solet.
1807 3665 2200 3749 Loquuntur
2226 3664 2310 3729 de
2338 3663 2500 3729 Par-

301 3773 437 3839 this
465 3770 859 3855 profligatis,
886 3769 1211 3844 subactis,
1234 3766 1533 3844 domitis,
1559 3766 1645 3832 de
1674 3784 1908 3835 everso
1940 3784 2172 3829 eorum
2197 3765 2499 3849 imperio,

305 3874 397 3938 de
444 3871 721 3937 Oriente
769 3868 1131 3945 debellato,
1182 3868 1269 3932 de
1314 3867 1608 3932 Phraate
1638 3867 1927 3949 Augusti
1972 3865 2059 3930 ad
2099 3865 2311 3949 pedes
2349 3884 2500 3949 pre-

304 3974 676 4051 eumbente,
706 3973 795 4037 ab
821 3990 1034 4054 eoque
1054 3969 1176 4053 jus
1218 3969 1536 4051 regnandi
1586 3969 1977 4052 accipiente,
2017 3970 2138 4031 stc.
2223 3965 2400 4031 Tum
2426 3974 2499 4030 et

306 4074 489 4141 Daci
526 4092 609 4138 ac
637 4073 986 4150 Sarmatoe,
1030 4070 1279 4155 aliique
1309 4068 1472 4135 Istri
1500 4070 1776 4145 accolae,
1804 4069 2124 4133 continuo
2150 4084 2501 4132 excurren-

308 4184 417 4241 tes
453 4177 525 4239 ia
563 4173 726 4240 fines
755 4172 1109 4239 Romanos
1143 4190 1267 4256 per
1311 4172 1666 4237 Lentulum
1713 4169 2139 4249 coementum
2187 4167 2365 4234 nor.
2397 4185 2498 4232 n».
