3050 4875
812 397 1214 450 uxcuusus
1264 405 1366 452 an
1417 407 1832 460 causitum:
1887 413 2028 462 mu.
2077 417 2123 463 t.
2425 405 2558 470 m

1350 547 1565 599 nora:

340 649 485 700 Mihi
506 650 713 714 pariter-
727 650 948 705 sufficiet
970 665 1167 722 myrtus
1187 660 1409 725 simplex
1490 672 1547 716 et
1568 672 1712 716 arcta
1736 668 1858 730 vite,
1873 668 1926 718 id
1950 677 2047 731 est,
2062 671 2159 720 sub
2173 672 2472 736 palmitibus
2496 683 2551 725 et

338 725 642 776 considenti
656 727 861 792 quidem
878 730 1175 783 ethilariter
1193 736 1411 800 bibenti,
1490 744 1745 806 pampinis
1764 748 1981 809 pergula
1998 748 2210 800 intextis
2227 758 2281 801 et
2298 749 2520 803 suffultis
2537 769 2553 805 x

341 816 455 851 non
479 810 539 852 ut
560 803 739 853 Persoe
759 806 852 855 sub
871 807 1101 859 lacunari
1121 812 1412 875 splendido,
1489 833 1599 870 sous
1620 819 1669 869 lu
1690 821 1859 873 mille.

344 878 446 927 sed
480 878 578 930 sub
610 879 734 931 vitis
761 882 1083 949 umbraculo,
1105 888 1203 938 sub
1235 889 1413 941 bumili

1016 1445 1868 1548 EXCURSUS

733 1662 904 1737 AD
983 1663 1672 1750 CARMINUM
1751 1676 1986 1752 Lm.
2074 1681 2148 1756 1.

1141 1870 1266 1935 [Ex
1301 1872 1496 1924 amr.
1530 1874 1746 1940 JANLJ

1057 2162 1691 2233 EXCURSUS
1771 2168 1830 2233 1.

1118 2329 1226 2380 AD
1261 2331 1307 2382 1.
1340 2331 1467 2382 01).
1501 2334 1552 2383 l.
1585 2336 1765 2383 8—28.

337 2440 768 2517 Coun-mma
813 2474 912 2531 est,
949 2468 1127 2519 statim
1150 2470 1215 2519 ad
1256 2471 1476 2534 primum
1501 2472 1746 2531 Carmen,
1787 2485 1903 2536 quae
1938 2472 2212 2522 attendere
2251 2471 2441 2521 debeat
2478 2473 2533 2521 in

337 2545 736 2609 elegantissimis
758 2547 896 2596 illius
921 2548 1277 2613 imagunculis‚
1301 2551 1532 2614 pluribus
1566 2550 1754 2600 docere
1776 2551 2178 2613 adolescentem,
2202 2564 2304 2615 quo
2326 2556 2396 2610 et,
2417 2564 2536 2613 quae

338 2624 408 2674 de
441 2627 658 2689 picturis
694 2627 870 2692 lyricis
907 2628 1148 2689 diximus,
1172 2630 1373 2693 planius
1410 2628 1723 2694 intelligere,
1758 2636 1812 2679 et
1833 2629 2039 2679 omnino
2065 2643 2253 2679 acuere
2286 2643 2432 2678 sunm
2467 2628 2536 2677 de

340 2705 729 2768 pulchritudine
757 2708 1013 2771 ,iudicium
1048 2709 1248 2760 discat:
1291 2711 1426 2774 quod
1462 2717 1518 2759 et
1558 2709 1622 2759 ad
1667 2717 1954 2760 ceterorum
1991 2708 2198 2760 Horatii
2236 2709 2533 2759 carminum

339 2785 560 2836 virtutes
578 2795 724 2838 recte
742 2788 1037 2839 sentiendas
1058 2789 1361 2854 adjumento
1383 2791 1430 2840 ei
1453 2789 1565 2841 fore
1588 2790 1833 2840 arbitror.

404 2865 632 2918 Primum
655 2869 895 2921 advertat
929 2873 1173 2935 animum,
1194 2878 1386 2935 quanto
1418 2886 1535 2920 cum
1572 2871 1769 2921 dilectu
1794 2872 1844 2919 in
1867 2870 2097 2935 quamvis
2121 2869 2394 2932 picturam,
2417 2884 2535 2932 spe·

338 2946 460 2996 ciali
483 2946 595 2998 fere
628 2950 836 2999 notione
870 2951 1112 3015 quadam,
1138 2959 1376 3015 tanquam
1414 2951 1570 3012 linea,
1592 2951 1970 3007 adumbratam.
1990 2964 2077 3000 eos
2113 2955 2314 3000 tantum
2338 2949 2536 2999 colores

339 3026 505 3077 Po'e'ta
539 3029 793 3091 intulerit,
814 3044 940 3096 quos
973 3032 1193 3081 maxime
1228 3033 1398 3082 nitere
1432 3031 1810 3092 intellexisset3
1842 3038 1902 3080 ut
1930 3032 1982 3080 in
2007 3031 2308 3080 suavissima
2331 3028 2536 3077 eadem·

338 3121 442 3170 que
464 3107 746 3160 fortissima
765 3110 1040 3173 brevitate,
1061 3127 1180 3177 quae
1205 3111 1526 3175 picturarum
1549 3110 1826 3174 lyricorum
1862 3110 2030 3174 prima
2053 3109 2215 3157 virtus
2236 3112 2337 3165 est.
2359 3121 2532 3157 coram

335 3188 531 3237 intueri
563 3192 736 3241 omnia
772 3190 1054 3243 videamur.
1118 3190 1343 3248 Deinde,
1385 3205 1536 3254 quam
1577 3189 1847 3254 exquisitis
1892 3194 2073 3237 utatur
2110 3187 2301 3247 verbis,
2341 3188 2537 3252 reique,

335 3281 490 3332 quam
513 3277 636 3320 aute
658 3271 835 3321 oculos
856 3271 1033 3332 habet,
1059 3272 1482 3328 accommodatis,
1497 3285 1754 3335 uunquam
1778 3270 1857 3319 vel
1880 3267 2233 3319 humilioribus
2253 3267 2333 3316 vel
2356 3268 2534 3318 elatio-

338 3348 480 3399 ribus
500 3365 516 3409 ;
549 3350 807 3415 quomodo
826 3366 921 3414 pro
958 3352 1032 3401 rei
1057 3352 1306 3415 subjecte
1330 3359 1516 3401 natura
1541 3364 1676 3400 nune
1699 3348 1989 3413 magnifice,
2012 3363 2086 3398 vs.
2103 3353 2153 3398 6.
2179 3352 2227 3398 8.
2251 3362 2387 3397 nunc
2408 3349 2533 3396 mol·

334 3427 474 3489 liter,
496 3445 569 3481 vs.
607 3432 684 3480 19.
716 3435 798 3480 26.
829 3445 967 3481 nuuc
1002 3431 1278 3492 horrende,
1301 3445 1374 3481 vs.
1410 3436 1489 3482 15.
1511 3434 1593 3481 2⁴.
1631 3443 1766 3479 nune
1798 3428 2026 3490 heroice,
2062 3442 2137 3478 vs.
2162 3432 2247 3478 2³.
2269 3429 2531 3517 loquatur.

333 3507 462 3556 Tum
488 3524 672 3573 magna
695 3510 950 3559 Carminis
971 3511 1132 3560 virtus
1155 3513 1392 3561 cernitur
1411 3512 1463 3561 in
1488 3509 1741 3560 varietate
1762 3516 1817 3559 et
1839 3510 2024 3574 copia:
2061 3508 2181 3558 dum
2207 3507 2352 3565 illud,
2377 3519 2530 3554 unice

334 3601 530 3652 amare,
550 3589 903 3640 beatissimum
926 3605 981 3640 se
1002 3584 1239 3652 credere,
1252 3590 1389 3657 quod
1413 3591 1570 3641 toties
1593 3599 1706 3641 erat
1724 3590 2137 3654 exprimendum,
2158 3599 2293 3677 nova
2311 3598 2533 3675 semper,

334 3668 498 3718 cuivis
536 3670 709 3720 studio
749 3671 957 3735 propria
987 3672 1185 3720 ratione
1208 3672 1379 3722 Poeta
1408 3674 1616 3732 extulit,
1638 3680 1796 3734 atque
1828 3670 2032 3718 omniuo
2066 3668 2138 3715 ita
2162 3674 2531 3755 vanarn-cou-

337 3749 597 3800 versiones
619 3758 1033 3814 structuramque
1057 3751 1330 3800 verborum
1363 3753 1415 3801 in
1450 3752 1631 3816 quavis
1660 3753 1887 3813 pictura,
1911 3756 1969 3796 ut
2001 3753 2057 3795 et
2090 3745 2203 3794 siue
2231 3743 2455 3806 fastrdto,
2474 3751 2530 3794 et

333 3828 557 3878 maxima
578 3843 694 3878 cum
720 3830 988 3893 voluptate
1009 3828 1359 3894 novitatisque
1389 3830 1749 3889 admiratione,
1773 3841 1948 3876 earum
1971 3825 2154 3875 seriem
2178 3823 2303 3872 satis
2326 3822 2529 3914 longam

334 3912 687 3959 contueamur.
756 3911 995 3974 Denique
1019 3924 1225 3975 semper
1259 3911 1482 3974 cujusvis
1505 3909 1662 3959 studii
1687 3909 1767 3958 vel
1792 3911 2095 3968 vanitatem,
2119 3905 2201 3954 vel
2226 3904 2529 3959 molestiam,
2591 3966 2598 3975 ι

334 4004 434 4039 uno
470 3991 700 4040 alterove
726 3990 884 4041 verbo
917 3991 1143 4040 molliter
1177 3990 1350 4054 tetigit
1383 3989 1525 4054 quasi
1559 3988 1829 4039 subridens
1865 3988 2053 4047 Poeta,
2075 3995 2134 4036 ut
2155 4000 2229 4035 vs.
2260 3988 2311 4033 7.
2345 3986 2423 4031 18.
2445 3985 2529 4031 20.

330 4074 413 4122 24.
434 4075 516 4121 26.
541 4075 622 4122 27.
645 4086 765 4134 nou,
785 4086 889 4136 quo
910 4078 1273 4122 contemneret
1305 4086 1369 4121 ea
1402 4071 1592 4130 omnia,
1616 4070 1803 4135 quibus
1835 4070 1920 4119 alii
1960 4067 2096 4118 beati
2130 4070 2322 4157 esseut,
2345 4061 2438 4111 sed
2471 4071 2529 4111 nt

332 4159 409 4213 et,
431 4159 624 4216 quauta
649 4153 723 4202 vis
748 4160 888 4202 esset
909 4152 1157 4216 cujusque
1180 4150 1337 4201 studii
1361 4151 1412 4200 in
1435 4150 1773 4212 homiues,et,
1792 4157 1988 4213 quanto
2010 4159 2245 4210 superior
2276 4148 2415 4193 esset
2433 4156 2529 4195 sua

332 4244 399 4281 ex
423 4231 629 4296 ingenio
652 4232 862 4298 politico
888 4232 1125 4297 voluptas
1147 4238 1202 4282 et
1222 4231 1406 4294 gloria,
1426 4229 1678 4282 eluceret.
