3050 4875
1013 432 1431 480 cAnmNuu
1486 431 1634 479 ms.
1683 432 1731 479 1.
1775 413 1881 477 33.

2421 413 2553 479 218

1129 668 1328 733 ODE
1418 668 1807 734 XXXIII.

986 850 1088 897 AD
1137 849 1436 897 Annium
1494 847 1918 896 TIBULLUM.

353 982 566 1033 Albium
581 983 834 1035 Tibullum
856 985 1131 1050 Elegorum
1154 984 1373 1035 Poetam
1395 984 1462 1034 ob
1485 983 1664 1034 umieae
1683 998 1790 1033 sure
1802 984 1978 1050 (quam
1996 984 2274 1048 Glyceram
2298 974 2556 1045 appellat)

418 1062 818 1114 inconstantium
838 1067 950 1130 plus
974 1065 1131 1114 nimio
1154 1065 1417 1114 dolentem
1440 1064 1658 1126 solatur,
1679 1064 1958 1114 ostendens
1972 1065 2225 1115 Venerem
2248 1073 2551 1127 perversum

418 1144 677 1206 quendam
701 1160 766 1194 ex
790 1145 1079 1196 amantibus
1106 1145 1312 1195 mimum
1336 1145 1432 1195 sibi
1456 1145 1720 1195 exhibere.

614 1272 831 1351 Αωιι,
861 1293 946 1339 ne
975 1274 1212 1339 doleas
1251 1275 1410 1356 plus
1441 1275 1675 1351 nimio,
1704 1292 1953 1337 memor

614 1373 901 1440 Immitis
932 1374 1287 1459 Glycerae3
1333 1394 1468 1439 neu
1497 1375 1915 1439 miserabiles

620 1476 955 1542 Decantes
983 1477 1253 1558 ElegoS,
1283 1497 1399 1542 cur
1424 1476 1547 1541 tibi
1569 1476 1801 1560 junior

867 1579 1072 1644 Laesa
1101 1580 1454 1663 praeniteat
1480 1579 1638 1644 fide.

610 1676 948 1761 Insignem
980 1680 1158 1744 tenui
1186 1678 1399 1744 fronte
1432 1679 1773 1764 Lycorida
2506 1679 2551 1741 5

421 1854 621 1916 mue,
642 1870 700 1905 ne
728 1858 838 1920 plus

868 1873 1006 1922 quom
1040 1860 1169 1907 decet
1203 1873 1414 1922 πωπω,
1433 1861 1674 1909 revolvens
1693 1860 1849 1908 animo
1870 1860 2101 1910 crudelem
2126 1860 2406 1924 Glyceram.-
2437 1851 2553 1905 siene

351 1919 572 1979 lugubres
590 1915 789 1983 Elegiae
808 1922 993 1985 recites,
1014 1922 1460 1988 quod‚sructafido‚
1476 1938 1584 1986 proe
1604 1928 1654 1972 te
1662 1921 1856 1986 fulgeat
1873 1924 2225 1974 adolescentior.
2278 1924 2399 1972 Ecce
2420 1933 2553 1970 umor

1274 2066 1451 2088 ‘mn

1452 2069 1508 2089 ‘O
1512 2069 1634 2089 &m

417 2163 549 2214 Haec
574 2165 694 2215 Ode
716 2179 818 2216 non
842 2166 1032 2230 legitur
1070 2167 1121 2214 in
1159 2166 1482 2217 Receusione
1503 2166 1786 2218 Sauud.-l
1821 2165 1997 2217 Editio
2020 2165 2258 2216 Sivrluua
2281 2165 2547 2226 interpun-

355 2226 464 2288 git:
499 2243 557 2278 ue
585 2232 761 2291 doleas,
793 2232 901 2292 plus
921 2230 1070 2279 nimio
1090 2245 1282 2292 memor,
1302 2234 1483 2294 ςα-Ξ
1519 2231 1677 2281 ΜιιΙιί
1717 2229 1870 2280 codd.
1894 2229 2150 2280 manuscri
2193 2229 2252 2294 ti,
2286 2242 2371 2277 nee
2410 2227 2550 2276 mise·

350 2291 538 2353 rabitis,
554 2293 601 2341 b.
625 2308 674 2343 e.
696 2294 1004 2355 miserabiles,
1026 2296 1242 2355 antiquo
1271 2309 1414 2345 more
1437 2295 1814 2345 scribendi.-8
1848 2294 2051 2343 Bartbii
2070 2309 2132 2344 eo
2172 2307 2237 2342 ex
2262 2292 2554 2342 vetustissi-

350 2369 484 2429 ''3¹¹'’
514 2371 618 2405 oum
640 2358 730 2406 tibi
770 2358 1034 2408 'anion—6
1072 2360 1320 2422 Insignem
1339 2359 1471 2409 tenui
1491 2360 1668 2419 surore
1689 2358 1856 2408 codex
1883 2356 2178 2408 Helmstad.
2204 2371 2235 2405 a
2258 2370 2326 2405 m.
2350 2370 2428 2417 pr.
2463 2355 2550 2402 Iu-

346 2425 714 2481 uguentum

811 2429 889 2473 ute
910 2423 1074 2473 codex
1102 2424 1478 2475 vetustissimus
1497 2423 1718 2482 Burthii,
1738 2428 1797 2472 ut
1822 2437 1905 2486 up.
1925 2421 2210 2472 Ansereou.
2233 2417 2423 2470 ἃπαλδν
2434 2416 2548 2478 ukr-

1350 2570 1563 2620 NOTAE

420 2660 647 2711 Metrum
710 2670 793 2713 est
850 2663 986 2715 idem
1053 2665 1190 2730 quod
1252 2680 1413 2730 supra

354 2737 462 2786 od.
500 2750 579 2786 vt.

418 2816 445 2860 1
481 2812 618 2877 Albi]
655 2812 758 2863 Hic
795 2812 883 2862 ille
907 2821 1007 2871 est,
1039 2815 1183 2878 quus
1209 2814 1409 2879 Elegiae

351 2888 588 2937 manibus
626 2888 851 2938 omniurn
888 2894 1035 2939 tauta
1073 2903 1189 2939 eum
1232 2891 1409 2952 volup-

353 2972 466 3014 tute
490 2971 748 3027 teruntur,
766 2966 782 2992 ⁸
807 2972 976 3014 tersus
1000 2981 1061 3016 ac
1091 2966 1301 3029 elegans
1323 2967 1409 3015 Ti-

351 3041 558 3104 bullus,’
580 3049 638 3091 ut
661 3043 735 3091 ait
758 3043 977 3094 Quintil.
1002 3056 1058 3093 x.
1084 3049 1131 3092 l.

420 3119 542 3168 Plus
562 3117 730 3180 nimio]
763 3118 933 3181 Epist·
968 3117 1033 3167 ad
1071 3118 1234 3168 Auic.
1272 3132 1326 3169 x.
1364 3124 1411 3169 8.

352 3195 369 3220 ‘
406 3199 458 3242 te
481 3193 641 3242 nimio
682 3194 797 3257 plus
836 3193 1031 3257 diligo:
1065 3194 1230 3259 inquit
1263 3194 1410 3244 Cice-

354 3269 464 3318 roni
484 3267 760 3317 Antonius.

416 3348 449 3394 2
483 3343 692 3393 Immitis
715 3341 956 3407 Glyceroe]
990 3343 1117 3406 Ejus
1139 3342 1276 3391 enim
1300 3342 1410 3405 ipse

352 3431 569 3472 noverat
592 3421 852 3484 ingenium
889 3418 1234 3480 intractabile,
1271 3427 1326 3467 et
1358 3419 1410 3468 in

349 3499 465 3560 ejus
490 3496 802 3561 proterviam
839 3495 1132 3559 impegerat
1169 3492 1305 3542 haud
1329 3508 1408 3542 se·

351 3587 441 3622 cus
474 3588 536 3622 ac
572 3572 757 3623 Albius
792 3571 1040 3621 Tibullus.
1096 3570 1232 3619 Vide
1274 3568 1412 3620 infra

352 3661 442 3697 ιιι.
469 3646 571 3699 Od.
594 3650 672 3695 19.
695 3661 768 3696 vs.
791 3648 887 3696 ult.
939 3647 1073 3696 Sunt
1108 3647 1196 3711 qni
1234 3645 1410 3697 fictum

355 3723 573 3786 Glycera
595 3736 780 3771 nomen
816 3722 899 3771 bie
937 3721 1059 3784 poni
1098 3721 1281 3783 velint,
1317 3737 1412 3786 pro

351 3796 506 3847 Delia
530 3798 610 3846 vel
637 3797 864 3853 Nemesi,
889 3811 1012 3860 quas
1032 3796 1267 3845 Tibullus
1290 3797 1411 3846 ada-

350 3874 546 3933 mavit3
581 3872 846 3921 nominare
883 3884 1007 3921 vero
1047 3869 1273 3920 noluerit
1306 3870 1414 3920 Ho-

352 3949 534 4010 ratius,
557 3962 649 3998 sen
671 3947 738 3997 ob
761 3947 1148 4010 verecundiam,
1182 3961 1271 3995 seu
1310 3960 1414 3996 me-

353 4031 411 4074 tu
434 4025 565 4089 legis
586 4023 743 4075 Juliae
760 4040 776 4072 ι
814 4023 880 4073 de
912 4038 1014 4089 qua
1036 4023 1147 4073 dixi
1170 4022 1235 4073 ad
1255 4022 1413 4075 Juve-

352 4102 484 4153 ualis
505 4101 616 4151 Sat.
640 4113 679 4149 ι.
700 4104 784 4151 22.
808 4105 864 4149 et
887 4113 950 4150 ιι.
973 4102 1058 4149 37.
1092 4112 1106 4119 ·

418 4176 720 4227 M‘uerobiles
752 4174 957 4237 Elegea]
1004 4174 1182 4225 Rebus
1219 4174 1413 4224 moestis

353 4260 532 4318 aptum
555 4250 793 4304 carminis
823 4264 1012 4317 genus:
1047 4251 1113 4303 ab
1135 4247 1290 4314 ἐλέου,
1324 4249 1415 4300 uii-

1488 2654 1748 2720 ser-atione}
1774 2663 1855 2713 vel
1890 2659 1932 2723 t,
1966 2659 2010 2721 t,
2041 2659 2261 2710 dolentis
2295 2660 2553 2723 porticula

1487 2740 1686 2791 fuctum
1720 2753 1928 2790 nomen.
1979 2738 2061 2786 Ad
2097 2737 2335 2797 Pisones,
2368 2750 2444 2786 vs.
2467 2740 2551 2786 ⁷5.

1488 2818 1505 2845 ⁴
1542 2815 1790 2865 Versibus
1836 2814 2105 2877 impariter
2137 2811 2337 2875 junctis
2380 2812 2551 2878 queri-

1488 2890 1661 2940 monia
1685 2888 1941 2953 primum‚'
1961 2891 2058 2937 διο.

1555 2969 1586 3015 4
1621 2964 1759 3015 Laeso
1776 2960 2158 3028 proeniteotjide]
2177 2961 2453 3010 Pulchrior
2477 2962 2552 3011 vi·

1492 3039 1697 3100 deutur,
1730 3040 1782 3088 iu
1821 3052 1994 3088 umore
2033 3036 2340 3102 praeferutur
2373 3037 2551 3098 junior

1493 3116 1731 3172 amasius,
1742 3129 1842 3164 uon
1858 3113 2034 3163 babitu
2049 3113 2246 3161 ratione
2261 3110 2382 3160 fidei
2399 3125 2550 3175 qnam

1493 3193 1588 3242 tibi
1609 3190 1754 3241 dedit
1778 3190 2021 3254 Glycera.
2061 3188 2196 3236 Vide
2225 3186 2411 3236 Tibull.
2437 3200 2552 3251 pas·

1492 3267 1608 3317 sim.
1673 3264 1760 3314 Itu
1802 3278 1929 3314 vero
1990 3263 2195 3325 scribit,
2239 3275 2326 3311 ιιι.
2370 3267 2420 3313 o.
2465 3265 2551 3312 49.

1490 3342 1508 3371 ‘
1536 3342 1699 3393 Nulla
1742 3338 1871 3388 fides
1915 3338 2105 3389 ineritz
2143 3338 2370 3402 perjuria
2416 3336 2552 3387 ridet

1494 3425 1756 3467 amantum
1800 3414 2010 3479 Jupiter
2043 3448 2056 3464 .
2086 3446 2101 3462 .
2124 3444 2140 3460 .
2177 3414 2410 3478 quumvis
2432 3426 2549 3478 per·

1492 3491 1616 3553 fida,
1637 3505 1760 3542 cara
1776 3488 1987 3551 tamen,’
2003 3492 2105 3539 dre.

1554 3572 1586 3619 6
1621 3569 1866 3630 Insignem
1921 3558 2053 3615 tenui
2086 3564 2253 3624 fronte
2293 3562 2552 3627 Lycorida,

1489 3644 1596 3710 ξω]
1631 3642 1797 3693 Affert
1828 3641 2068 3703 exemplu
2090 3639 2305 3687 aliorum
2328 3636 2549 3687 infelici-

1493 3730 1578 3771 ter
1613 3717 1911 3770 amantium.
1941 3714 2124 3780 quibus
2164 3728 2279 3762 eum
2314 3714 2551 3762 console·

1495 3804 1598 3845 tur.
1667 3791 1882 3856 Lycoris
1920 3801 2144 3839 amorem
2184 3802 2331 3837 suum
2376 3786 2552 3839 defert

1494 3872 1667 3934 Cyro:
1701 3868 1785 3917 bic
1810 3879 1934 3914 vero
1964 3865 2104 3913 illam
2125 3864 2346 3926 spernit,
2369 3874 2422 3912 et
2455 3865 2549 3913 ali·

1494 3960 1578 3995 um
1602 3956 1774 3994 amore
1793 3940 2119 4005 prosequitur
2138 3953 2169 3988 a
2193 3954 2292 4004 qua
2312 3938 2549 3988 redama·

1494 4021 1539 4071 ri
1562 4021 1704 4069 nulla
1725 4032 1846 4081 spes
1868 4025 1969 4067 est.

1562 4096 1710 4145 Tenui
1718 4092 1910 4157 fronte]
1947 4091 2078 4139 Sunt
2092 4089 2179 4154 qui
2202 4089 2549 4152 interpreten-

1496 4180 1581 4223 tur
1602 4179 1809 4222 tenuem
1849 4176 1905 4217 et
1944 4164 2252 4229 pellucidam
2283 4173 2456 4215 eutem
2494 4165 2550 4216 in

1493 4246 1689 4299 fronte.
1769 4243 1876 4297 Alii
1919 4247 2189 4307 angustam
2230 4248 2287 4294 et
2336 4256 2550 4309 parvam
