3050 4875
946 384 1049 434 An
1095 386 1504 438 cananum«
1553 390 1697 440 mn.
1745 393 1856 441 ιιι.
2357 384 2492 450 543

304 519 511 573 Horatii
531 521 661 572 banc
683 519 855 587 oden,
877 535 942 575 ex
956 524 1152 577 Ionicis
1175 542 1205 577 a
1224 527 1438 593 minore,
1461 544 1563 580 non
1587 546 1617 581 a
1639 532 1851 596 rnaJore,
1871 535 2223 599 compositam,
2252 540 2340 590 vix
2362 541 2490 591 satis

303 610 446 654 recte
482 602 776 654 Sotadicam
813 603 1115 656 Scholiasta
1151 620 1358 657 vocasse
1397 609 1639 659 Bentleio
1682 611 1938 663 videntur.
2006 615 2311 681 Quanquam
2346 617 2486 670 forte

298 684 592 734 extiterunt
612 681 772 731 etiam
793 681 974 732 Ionica
993 699 1024 731 s
1043 685 1236 735 minore
1259 687 1499 744 Carmine
1517 690 1759 752 Sotadis;
1791 705 1907 742 nam
1932 707 2047 743 eum
2069 693 2261 747 Athen.
2282 712 2388 748 vu.
2405 705 2486 751 ll.

299 760 538 812 universe
569 760 801 824 appellet
832 762 1029 820 ποιητὴν
1056 762 1270 812 ’lumen
1287 763 1531 827 ὰσμάτυν,
1556 781 1673 833 qna
1709 775 1815 818 tans
1849 770 1916 818 ab
1947 775 2234 834 argumenti
2272 776 2485 829 lascivia

293 839 373 906 (v.
394 839 459 890 ad
484 852 569 890 m.
589 838 693 891 Od.
709 844 759 890 6.
778 838 887 905 21.)
917 855 1071 906 qnam
1093 858 1124 891 a
1146 851 1312 894 metro
1337 843 1479 895 dieta
1496 845 1656 897 fuisse
1673 856 1912 900 constat:
1947 861 2036 901 ant
2057 853 2209 917 quid?
2240 856 2285 904 si
2310 857 2482 909 Acron

297 919 503 972 omnino
523 919 766 971 Sotadica
783 933 876 984 pro
896 920 1087 972 Ionicis
1106 923 1358 973 universis
1375 924 1546 975 dixit?

359 998 605 1065 Denique
625 1006 848 1050 metrum
870 1000 1038 1064 ipsum
1072 1004 1234 1053 nostri
1257 1005 1510 1055 Carminis
1533 1007 1775 1059 Bentleio
1796 1014 1851 1059 et
1874 1009 2105 1075 inprimis
2127 1012 2278 1066 dulce
2299 1024 2358 1067 et
2378 1032 2486 1068 om·

293 1080 437 1131 nium
461 1078 872 1143 operosissimum
894 1080 1117 1133 videtur.
1162 1082 1280 1132 Hoc
1296 1085 1553 1147 posterius
1569 1083 1728 1136 fseile
1744 1087 1870 1138 dant
1890 1103 2085 1154 omnes,
2102 1092 2226 1142 illud
2250 1095 2483 1158 plurimis

293 1172 444 1211 aeens
466 1156 693 1221 videtur,
723 1164 783 1209 ut
805 1159 1160 1225 cuningsmio,
1182 1168 1237 1212 et
1259 1164 1388 1213 aliis.
1438 1165 1496 1214 Si
1517 1165 1735 1216 Cannen
1773 1168 1837 1217 ad
1861 1169 2021 1232 lyram
2039 1171 2323 1223 canendum
2343 1176 2487 1239 cogi.

294 1247 396 1297 tes,
416 1236 683 1302 fingasque
700 1237 794 1287 tibi
817 1246 874 1289 et
895 1247 1112 1291 metrum
1149 1249 1206 1292 et
1241 1251 1549 1294 concentum
1584 1246 1831 1297 musicum
1863 1248 1928 1298 sd
1962 1249 2250 1301 saltationis
2285 1252 2481 1306 Ionica

291 1317 589 1383 rhythmum
606 1331 929 1384 expressum,
945 1318 1185 1384 profecto
1208 1335 1417 1373 suarem
1442 1323 1695 1388 quandam
1717 1325 1768 1375 in
1793 1340 1858 1377 eo
1877 1326 1971 1377 'tali
1993 1335 2159 1380 metro
2180 1330 2482 1396 simplicita-

291 1405 420 1460 tem,
440 1396 746 1461 mollemque
769 1396 1115 1463 dnlcedinem,
1140 1407 1442 1465 argumento
1467 1402 1561 1451 tsli
1583 1405 2035 1469 accommodatam,
2066 1421 2166 1457 non
2190 1410 2352 1472 possis
2376 1425 2482 1462 non

294 1489 587 1542 agnoscere,
614 1475 741 1525 licet
762 1476 902 1526 illam
933 1477 1111 1541 bodie,
1131 1479 1216 1529 nbi
1246 1494 1414 1553 neque
1436 1480 1502 1529 ad
1522 1480 1687 1546 lyram
1710 1483 1936 1546 canitur,
1966 1499 2133 1550 neque
2155 1487 2373 1538 saltatur
2392 1490 2483 1542 Io·

289 1556 427 1617 nice,
465 1554 629 1605 minus
666 1555 865 1621 sentiri,
899 1555 1055 1608 facile
1093 1559 1313 1623 largiar3
1350 1560 1606 1626 inprimis,
1639 1576 1754 1612 eum
1794 1568 1967 1614 nostro
2004 1564 2211 1628 quidem
2243 1581 2480 1622 sermone

288 1634 526 1686 lonicum
546 1633 653 1685 t‘ale
675 1636 896 1686 Carmen
918 1636 1032 1687 fieri
1058 1638 1251 1689 nulium
1287 1653 1458 1703 posse,
1493 1641 1649 1704 plane
1680 1642 1803 1692 mihi
1837 1642 2188 1707 persuadeam.
2253 1646 2372 1697 Vid.
2395 1648 2482 1701 Ill.

290 1716 518 1768 Ramler.
538 1717 709 1767 Carni.
730 1717 853 1781 Lyr.
877 1721 1068 1781 p.-258.

996 1880 1588 1948 EXCURSUS
1676 1885 1779 1951 11.

1052 1998 1152 2049 An
1188 1998 1314 2049 on.
1346 1998 1531 2048 xvn.
1565 2004 1713 2050 2-s.

344 2107 469 2160 Hos
491 2122 669 2160 versus
698 2123 801 2160 non
823 2123 940 2160 esse
973 2110 1040 2160 ab
1076 2110 1294 2160 Horatio
1330 2109 1609 2175 profectos,
1640 2111 1733 2162 sed
1767 2112 2061 2177 suppositos
2090 2120 2386 2180 anulosque
2408 2115 2478 2165 ab

283 2187 463 2254 iuepto
480 2189 857 2253 Grammatico,
877 2189 927 2238 in
953 2189 1163 2252 Argum.
1187 2195 1242 2239 ct
1263 2189 1506 2240 VV.LL.
1525 2203 1610 2240 me
1633 2190 1850 2241 credere
1880 2192 2142 2256 professus
2175 2207 2305 2243 sum.
2369 2195 2479 2258 Igi-

284 2276 388 2327 tur,
411 2269 594 2334 quibus
617 2269 898 2320 rationibus
919 2267 1179 2320 adductus
1199 2266 1490 2331 crederem,
1506 2269 1739 2332 pluribus
1759 2270 2120 2334 exponendum
2140 2273 2335 2322 censui.

345 2347 474 2399 Cum
491 2350 654 2399 multa
673 2357 906 2400 veterum
928 2348 1239 2411 scriptorum
1254 2349 1367 2398 loca
1391 2347 1628 2398 addendo
1658 2357 1908 2414 corrupta
1923 2358 2074 2400 sunt:
2110 2358 2215 2401 tum
2239 2351 2476 2416 inprimis

280 2427 437 2480 etlam
468 2430 693 2495 antiquis
727 2428 904 2480 Poetis
926 2429 1076 2478 multi
1101 2429 1230 2480 tales
1253 2428 1408 2479 alieni
1433 2430 1587 2493 panni
1618 2445 1649 2479 a
1672 2428 2039 2481 Grammaticis
2060 2430 2272 2481 malisve
2301 2438 2476 2496 poste-

279 2507 429 2559 rioris
450 2510 621 2560 atatis
643 2509 822 2558 Poetis
845 2509 1005 2558 assuti
1028 2516 1165 2559 sunt.
1233 2509 1351 2559 Hoc
1391 2509 1466 2559 ite
1502 2510 1711 2561 accidit.
1776 2510 1987 2561 Mature
2019 2509 2218 2574 Poetis,
2251 2511 2318 2561 ob
2351 2511 2474 2561 doc·

280 2587 464 2639 tiorem
492 2588 691 2638 seilicet
710 2593 765 2637 et
786 2588 1157 2636 sententiarum
1188 2593 1246 2637 et
1278 2587 1581 2637 elocutionis
1614 2589 1883 2650 rationem,
1916 2589 2219 2639 Scholiasta
2243 2596 2300 2639 et
2321 2589 2473 2640 Com-

278 2676 598 2721 mentatores
619 2668 942 2732 obtigerunt,
965 2668 1054 2732 qni
1075 2667 1269 2716 scholia
1290 2666 1399 2715 sive
1420 2670 1618 2731 glossas
1653 2669 1737 2727 iis,
1776 2668 1855 2717 vel
1892 2668 2185 2732 explicandi
2217 2668 2299 2718 vel
2329 2669 2474 2718 illus·

277 2748 454 2799 (rendi
475 2749 662 2812 gratia,
681 2749 975 2799 allinerent.
1039 2748 1166 2797 Tum
1190 2754 1310 2811 post
1331 2749 1643 2810 extiterunt,
1664 2747 1751 2812 qui
1781 2749 1906 2798 talia
1939 2749 2049 2811 ipss
2080 2746 2293 2810 scholia,
2316 2747 2473 2797 animi

275 2830 659 2895 exercendique
681 2829 875 2893 ingenii
897 2842 1072 2891 eausa,
1091 2841 1241 2877 versu
1257 2827 1599 2880 includerent.
1639 2827 1817 2879 Quid?
1849 2825 1985 2892 quod
2010 2825 2219 2875 fuerunt
2234 2826 2473 2888 subinde,

275 2908 363 2972 qni
385 2909 771 2959 exercitationis
789 2908 954 2971 gratls
974 2909 1135 2971 ipssm
1172 2906 1354 2956 Poeta
1379 2907 1593 2971 alicujus
1613 2907 1921 2957 sententiam
1945 2905 2169 2971 aliquam
2192 2904 2470 2971 amplifica·

275 2993 416 3049 rent,
437 3000 501 3037 ac
519 2987 673 3036 taleni
689 2987 879 3050 ingenii
900 2986 980 3035 sui
1002 2984 1184 3035 foetum
1199 2984 1264 3034 ad
1289 2986 1573 3049 marginem
1588 2985 1809 3049 exempli
1831 2987 1910 3035 sui
1936 2992 2278 3049 apponerent.
2330 2985 2469 3035 Hinc

275 3078 419 3130 sepe
452 3064 665 3128 accidit,
702 3073 760 3115 ut
791 3066 1043 3124 librarius,
1066 3064 1320 3130 ejusmodi
1355 3065 1648 3128 exemplum
1683 3071 1881 3127 nactus,
1902 3065 1951 3114 in
1976 3065 2143 3127 ipsum
2164 3069 2468 3114 contextum

273 3144 585 3195 transferret
615 3146 703 3195 illa
737 3145 970 3195 versibus
1004 3159 1255 3209 expressa
1285 3146 1495 3207 scholia,
1516 3145 1694 3195 illasve
1723 3144 2470 3197 Grammaticorumexercita-

273 3224 462 3274 tiones.
527 3224 660 3273 Nam
697 3223 993 3287 gestiebant
1030 3222 1140 3274 fere
1175 3222 1368 3276 inferre
1406 3224 1459 3273 in
1498 3225 1818 3289 exemplaria
1852 3238 1946 3273 sna
1981 3223 2197 3286 librarii,
2226 3237 2342 3288 quoe
2365 3237 2468 3274 non

275 3309 451 3354 essent
472 3304 524 3352 ln
546 3303 675 3360 aliis.
698 3309 921 3353 emtores
956 3308 1015 3352 nt
1048 3303 1336 3365 allicerent,
1368 3305 1454 3369 qni
1490 3304 1696 3368 quidem
1732 3310 1879 3354 tanto
1911 3304 2027 3368 plus
2060 3302 2187 3353 dare
2221 3303 2465 3360 solerent,

274 3397 376 3448 quo
404 3382 657 3434 haberent
697 3383 961 3446 exemplar
997 3390 1200 3433 anetum
1234 3384 1434 3434 scilicet
1461 3392 1621 3449 atquc
1653 3385 1896 3434 unicum:
1942 3383 2031 3434 sic
2062 3381 2257 3433 factum
2281 3392 2383 3444 est,
2408 3390 2466 3432 ut

272 3461 538 3525 Lucretio,
569 3467 630 3510 nt
661 3462 898 3525 Virgilio,
940 3461 1162 3523 Tibullo,
1203 3461 1414 3524 ovidio,
1450 3463 1693 3527 Horatio,
1728 3463 1943 3527 aliisque
1981 3462 2209 3511 classicis
2235 3462 2465 3521 vatibus,

275 3556 453 3592 versus
473 3545 888 3604 supponerentur
909 3548 1066 3605 atque
1087 3538 1477 3606 effingerentur,
1494 3542 1584 3607 qui
1612 3541 1820 3606 proprie
1854 3541 2174 3592 deberentur
2195 3540 2467 3591 Gramma·

274 3618 435 3672 ticin.-

338 3701 496 3751 Varia
516 3705 656 3763 sunt,
675 3697 857 3764 quibus
879 3698 1166 3764 prodantur
1186 3707 1342 3766 etque
1364 3709 1711 3767 agnoscantur
1730 3700 1886 3751 alieni
1922 3700 2053 3750 tales
2075 3699 2252 3763 foetus,
2273 3698 2467 3751 indicia

276 3780 495 3843 critica;
528 3795 592 3829 ex
627 3780 812 3845 quibus
846 3780 1091 3829 nonnulla
1110 3793 1513 3832 commemorare
1548 3795 1651 3832 non
1688 3782 1910 3831 alienum
1944 3780 2166 3831 videtur.
2232 3779 2462 3830 Primum

267 3860 515 3924 ejusmodi
537 3860 890 3910 additamenta
925 3858 1141 3909 subinde
1173 3858 1502 3910 manifestam
1535 3862 1717 3923 glossae
1758 3859 1869 3909 sive
1907 3859 2091 3910 scholii
2125 3858 2351 3922 speciem
2375 3860 2462 3907 lis·

274 3940 423 3991 bent.
464 3940 671 3990 Deinde
692 3953 756 3988 ex
778 3954 840 3989 eo
860 3940 1069 4003 agnosci
1090 3941 1280 4002 solent,
1299 3939 1434 4005 quod
1458 3941 1749 4004 importune
1768 3939 2060 4004 insciteque
2080 3937 2466 3999 interrumpunt

272 4019 599 4082 sententiam,
622 4018 763 4082 dum,
783 4033 899 4083 qnae
922 4032 987 4069 ea
1005 4019 1338 4083 antecedunt,
1363 4027 1416 4070 et
1452 4034 1569 4086 qua
1600 4025 1903 4084 sequuntur,
1931 4017 2221 4069 necessario
2240 4018 2460 4080 quodam

266 4111 406 4148 nexu
426 4098 708 4162 eoliaerent,
731 4098 1050 4162 sublatisque
1073 4099 1245 4148 verbis
1284 4100 1536 4163 suspectis
1571 4098 1735 4149 multo
1766 4100 1936 4164 aptior
1967 4106 2127 4164 etque
2149 4097 2461 4160 elegantior,

274 4176 543 4243 Poetaqne
564 4179 787 4245 dignior,
804 4180 1071 4231 sententie
1095 4179 1347 4230 universe
1364 4179 1617 4231 connexio
1633 4179 2000 4245 conversioque
2021 4178 2273 4230 exoritur.
2306 4175 2461 4228 Quod
