3050 4875
577 375 720 441 414·

1300 394 1369 452 Q.
1415 390 1736 439 nona‘rn
1782 390 2056 440 mutem

924 531 1138 616 Atqui
1169 512 1454 610 sciebat,
1482 551 1639 619 quae
1669 531 1803 596 sibi
1832 532 2156 596 barbarus

919 633 1165 699 Tortor
1193 640 1491 718 pararet:
1537 652 1674 698 non
1696 633 1888 699 aliter
1917 640 2141 697 tamen

905 794 914 803 .
1006 735 1312 800 Dimovit
1337 736 1693 800 obstantes
1734 733 2176 817 propinquos,

1094 836 1180 901 Et
1207 837 1529 920 populum
1559 836 1813 901 reditus
1842 840 2227 913 morantem,

579 1008 755 1059 abiret.
825 1010 1034 1060 Noverat
1051 1016 1203 1061 tamen
1228 1026 1335 1075 (με
1349 1010 1442 1060 aba·
1457 1013 1700 1060 statuerat
1715 1009 1940 1059 imanis
1957 1009 2193 1069 caraisae.
2258 1009 2330 1058 At
2348 1008 2657 1058 :fidentinus
2677 1022 2781 1083 cog:

577 1078 714 1122 natos
745 1074 1061 1139 debu-tentes,
1090 1076 1353 1139 plebemque
1382 1074 1613 1125 dixaesard
1642 1073 1946 1125 obsidentem
1986 1076 2206 1124 amitus
2236 1079 2327 1135 est,
2357 1087 2451 1121 noa
2482 1087 2623 1122 secas
2651 1088 2711 1121 ae
2740 1072 2781 1119 ai

1492 1200 1855 1224 mmmOO

581 1299 681 1349 ael.
703 1297 912 1349 Wakef.
930 1300 1111 1351 Comb.
1134 1308 1190 1351 et
1211 1300 1371 1351 Kidd.
1403 1301 1568 1352 viriles
1593 1301 1650 1353 T.
1670 1301 1722 1352 h.
1743 1303 1984 1378 &vultus-
1996 1300 2144 1377 Llps.
2166 1305 2218 1350 4.
2220 1305 2346 1350 —61
2385 1294 2781 1362 nebunt-ips.

580 1366 631 1412 4.
662 1363 904 1414 obstantes
939 1365 1115 1414 cinicus
1154 1365 1305 1415 Harl.
1349 1371 1399 1415 1.
1435 1372 1486 1415 4.
1542 1366 1767 1415 Frane.

581 1427 769 1478 Bland.
790 1434 844 1478 et
865 1428 1032 1478 Mald.
1058 1430 1291 1494 Cruquii‚
1307 1429 1414 1479 duo
1438 1430 1726 1480 Bersmann

1806 1365 2064 1428 Lambini,
2101 1379 2279 1415 omnes
2314 1365 2613 1423 Pulmauni‚
2651 1378 2785 1412 unas

1752 1429 1915 1493 ,A.1t
1941 1434 1984 1478 1.
2009 1402 2154 1493 L’ips.
2171 1432 2227 1479 2.
2264 1444 2387 1478 am·
2424 1443 2503 1492 pr.
2544 1427 2697 1491 Lips.
2730 1430 2785 1478 4.

1563 1555 1783 1615 NOTAE

569 1649 751 1714 jussit.
818 1649 949 1700 Hoec
986 1658 1041 1701 et
1073 1651 1177 1702 alia
1208 1652 1320 1702 Cic.
1356 1649 1511 1702 Offic.
1551 1664 1636 1700 nt.

580 1741 630 1776 n.
656 1729 771 1776 ua.
836 1727 1020 1779 Florus
1046 1728 1158 1792 jam
1191 1726 1282 1778 cit.
1319 1740 1382 1777 tt.
1415 1732 1466 1776 2.
1501 1726 1637 1777 ‘Sed

579 1801 668 1850 ille
692 1801 898 1866 quidem
917 1817 1011 1866 par
1027 1810 1186 1853 tantm
1206 1802 1494 1854 calamitati
1514 1801 1637 1853 fuit.

581 1877 719 1926 Nam
758 1890 853 1926 nec
896 1878 1100 1929 Punico
1137 1891 1347 1929 carcere
1386 1876 1638 1926 infractus

580 1958 681 2011 est,
705 1964 803 2003 nec
824 1952 1089 2016 legatione
1111 1960 1372 2018 suscepta.
1429 1952 1642 2016 Quippe

577 2026 803 2088 diversa,
843 2043 998 2093 quam
1034 2030 1412 2079 mandaverant
1444 2029 1640 2089 hostes,

578 2105 813 2167 censuit3
848 2118 913 2155 ne
937 2120 1039 2170 pax
1065 2105 1238 2168 fleret,
1269 2119 1336 2154 ne
1361 2112 1640 2154 commuta·

581 2179 720 2229 tione
735 2180 1057 2244 captivorum
1076 2181 1412 2245 reciperetur.
1425 2179 1531 2230 Sed
1542 2192 1638 2229 nec

581 2253 672 2304 illo
695 2256 990 2308 voluntario
1017 2257 1084 2306 ad
1108 2258 1285 2307 hostes
1308 2270 1426 2306 suos
1450 2256 1640 2316 reditu,

578 2345 679 2381 nec
713 2332 897 2382 ultimo
928 2333 1037 2382 sive
1068 2332 1294 2393 carceris
1327 2331 1439 2381 sire
1471 2330 1642 2380 crucis

581 2408 838 2473 supplicio
861 2407 1154 2459 deformata
1175 2408 1446 2472 majestas;
1486 2405 1642 2457 immo

578 2484 657 2535 bis
679 2484 916 2534 omuibus
951 2483 1320 2544 admirabilior,
1350 2481 1472 2545 quid
1499 2481 1640 2531 alind

582 2579 733 2628 quam
758 2564 923 2614 victus
946 2563 1013 2614 de
1037 2562 1342 2624 victoribus,
1363 2568 1520 2627 atque
1542 2562 1638 2611 eti-

583 2653 682 2702 am,
708 2640 830 2705 quia
863 2639 1124 2702 Carthago
1157 2653 1258 2688 non
1293 2644 1543 2702 cesserat,
1571 2638 1640 2689 de

580 2716 789 2767 fortuna
808 2716 1143 2779 triumphavit
1160 2714 1197 2764 θ’

644 2795 710 2841 40
741 2791 894 2854 Atqui
934 2792 1133 2852 sciebat,
1168 2806 1291 2853 qua,
1322 2789 1430 2855 qm]
1464 2790 1638 2841 Cicer.

582 2865 649 2916 sd
675 2866 850 2914 Famii.
873 2879 948 2914 vr.
970 2870 1019 2915 6.
1040 2865 1106 2915 de
1129 2866 1299 2930 seipso
1323 2867 1393 2915 ita
1416 2866 1597 2915 scriblt
1622 2881 1635 2914 ε

580 2947 596 2969 ⁰
621 2940 697 2989 Ut
729 2939 781 2988 in
813 2937 998 2990 fabulis
1033 2940 1391 3005 Amphiaraus,
1429 2940 1504 2990 sic
1538 2953 1638 3003 ego

579 3015 809 3078 prudens
858 3022 914 3066 et
955 3015 1126 3066 sciens
1167 3015 1232 3064 ad
1274 3022 1476 3078 pestem
1518 3022 1639 3063 ante

582 3091 759 3138 oculos
799 3090 1017 3154 positam
1056 3105 1167 3140 aum
1191 3090 1495 3155 profectus!
1560 3090 1643 3140 De

583 3164 785 3226 Regulo
819 3178 940 3213 vero
967 3165 1060 3216 cit.
1096 3164 1250 3216 Offic.
1288 3180 1374 3215 nt.
1418 3166 1641 3230 ‘Neque

582 3252 704 3288 vero
725 3244 830 3288 tum
855 3240 1149 3302 ignorabat,
1175 3255 1231 3290 se
1262 3241 1328 3290 ad
1352 3241 1641 3291 crudelissi-

582 3327 719 3363 mum
742 3314 962 3374 bostem,
987 3320 1043 3363 et
1066 3314 1132 3363 ad
1167 3316 1424 3378 exquisita
1446 3315 1639 3379 suppli·

583 3388 667 3439 cia
691 3386 967 3453 proficisci·
970 3388 983 3409 ’
1045 3389 1161 3437 Val.
1184 3389 1327 3438 Max.
1349 3402 1390 3438 r.
1414 3393 1461 3438 1.
1500 3390 1639 3439 ‘080

498 3519 504 3525 ‚
576 3465 734 3540 guina
781 3477 849 3512 ex
901 3463 1102 3513 victore
1155 3464 1535 3527 speciosissimo
1573 3464 1638 3513 ad

581 3539 925 3589 miserabilem
949 3540 1143 3603 captivi
1164 3540 1421 3589 fortunam
1448 3539 1641 3590 deduc

583 3622 706 3664 tus.
809 3614 1228 3678 .csrthaginem
1269 3615 1500 3679 repetiit,
1538 3627 1639 3664 non

581 3692 792 3754 ignarus
815 3693 878 3742 ad
910 3707 1061 3758 quam
1090 3694 1344 3756 crudeles,
1384 3703 1639 3758 quamque

582 3769 737 3818 etiam
778 3770 966 3820 merito
998 3770 1096 3821 sibi
1135 3770 1347 3822 infestos
1384 3772 1525 3822 Deos
1558 3783 1637 3821 re-

583 3843 912 3894 verteretur!

649 3920 771 3975 Quoe
813 3918 906 3968 sibi
947 3918 1173 3969 barbam
1218 3919 1392 3969 Tortor
1422 3917 1639 3986 pararet]

582 3991 782 4045 Tullius
804 3994 857 4044 in
879 3994 1201 4058 Pisonem,n.
1216 3998 1303 4044 43.
1326 3996 1342 4023 ‘
1360 3995 1438 4045 Μ.
1464 3996 1642 4060 Regu·

582 4069 688 4119 ium
731 4070 985 4135 illigatum
1038 4070 1091 4120 iu
1144 4070 1379 4121 machina
1423 4072 1638 4122 resectis

586 4145 848 4208 palpebris
892 4146 1321 4211 Carthaginenses
1373 4148 1639 4212 vigilando

585 4221 934 4270 necaverunt?
998 4223 1117 4273 Val.
1139 4222 1283 4273 Max.
1310 4235 1391 4274 rx.
1412 4227 1462 4272 2.
1496 4226 1512 4253 ⁸
1537 4225 1640 4274 Re·

1716 1652 1889 1725 guium
1913 1652 2177 1716 palpebris
2197 1651 2431 1715 resectis,
2453 1651 2712 1710 machina,
2734 1653 2787 1701 in

1715 1743 1820 1793 qua
1842 1729 2068 1795 undique
2093 1730 2347 1793 presenti
2371 1728 2566 1779 stimuli
2588 1728 2790 1778 emine·

1717 1804 1860 1866 bant,
1892 1804 2144 1855 inclusum
2188 1804 2455 1868 vigilantia
2488 1803 2689 1867 pariter
2729 1810 2790 1853 et

1716 1881 1959 1930 continuo
2001 1888 2173 1931 tractu
2206 1880 2398 1930 doloris
2427 1880 2792 1930 necaverunt?

1713 1956 1933 2005 Tertull.
1953 1956 2018 2006 ad
2042 1956 2307 2022 martyras
2329 1969 2448 2018 cap.
2469 1959 2519 2005 4.
2551 1956 2568 1984 ⁸
2590 1954 2791 2004 Maluit

1712 2032 1943 2082 hostibus
1967 2032 2135 2092 reddi,
2166 2039 2221 2082 et
2256 2034 2307 2082 in
2338 2046 2477 2082 arcae
2502 2022 2668 2095 'geum
2690 2032 2790 2080 sti·

1719 2114 1891 2171 patus,
1906 2108 2130 2172 undique
2150 2107 2469 2157 extrinsecus
2481 2105 2643 2155 clavis
2661 2119 2789 2154 cou-

1720 2182 1852 2232 fixus
1876 2190 1952 2233 tot
1975 2196 2157 2233 cruces
2190 2180 2385 2232 sensit.’
2448 2180 2636 2230 Aurei.
2662 2179 2790 2229 Vic-

1720 2264 1806 2307 tor
1836 2257 1902 2307 de
1927 2258 2069 2308 Viris
2104 2257 2299 2306 Illustr.
2343 2263 2360 2285 ¹
2380 2256 2445 2305 In
2479 2270 2655 2306 arcam
2690 2257 2793 2319 lig·

1720 2345 1873 2382 neam
1897 2333 2184 2395 conjectus,
2206 2331 2365 2381 clavis
2387 2332 2669 2381 introrsum
2693 2333 2789 2380 ad-

1722 2408 1874 2465 actis,
1900 2408 2089 2472 vigiliis
2117 2421 2178 2457 ae
2212 2408 2392 2459 dolore
2431 2409 2645 2472 punitus
2667 2408 2790 2458 est:

1716 2485 1804 2534 'Ex
1830 2484 2089 2548 Appiano,
2124 2485 2318 2547 positus
2341 2483 2393 2533 in
2413 2498 2577 2533 cavea
2598 2483 2789 2533 stimu-

1724 2561 1802 2610 los
1817 2560 2043 2624 undique
2059 2559 2307 2609 habente.
2338 2560 2525 2609 Senec.
2542 2559 2608 2607 de
2621 2559 2791 2608 Tran-

1719 2638 1863 2702 quill.
1887 2636 2062 2686 Animi
2098 2650 2137 2687 1.
2161 2641 2242 2687 15.
2273 2637 2290 2665 ⁸
2309 2635 2393 2685 Au
2416 2634 2569 2685 fleam
2609 2637 2791 2700 Regu-

1717 2712 1843 2767 lum,
1893 2711 2030 2777 quod
2089 2718 2171 2761 tot
2222 2710 2385 2761 clavis
2440 2709 2754 2774 configitur?
2772 2711 2791 2733 ⁹

1714 2787 1931 2837 suidas:
1955 2794 1968 2817 ⁸
1985 2787 2211 2851 Regulus
2226 2786 2593 2851 Carthaginem
2610 2800 2789 2835 rever-

1718 2877 1805 2912 sus
1828 2864 1963 2913 omui
1987 2863 2355 2927 suppliciorum
2393 2877 2587 2927 genere
2619 2863 2788 2913 confi-

1717 2940 1873 2988 citur.
1942 2939 2076 2988 Nam
2116 2946 2308 3003 proeter
2342 2945 2560 2989 ceteros
2581 2940 2787 2988 crucia·

1720 3020 1825 3073 tus,
1841 3013 2152 3063 domuncula
2167 3022 2384 3078 angusta
2404 3016 2650 3073 inclusus.
2667 3030 2785 3079 qne

1722 3089 2059 3151 magnitudini
2085 3090 2317 3153 corporis
2349 3090 2464 3153 ejus
2498 3091 2785 3154 responde·-

1721 3173 1821 3227 ret,
1842 3166 1980 3215 intus
2003 3166 2199 3215 crebris
2222 3167 2385 3216 clavis
2406 3166 2592 3217 ferreis
2616 3172 2785 3217 trans·

1717 3240 1840 3302 fixa,
1863 3242 2056 3305 periit:
2095 3255 2212 3291 cum
2246 3255 2342 3291 nec
2374 3242 2615 3292 immotus
2636 3253 2780 3292 stare

1720 3323 1914 3380 posset,
1958 3324 2014 3366 et
2044 3316 2315 3381 quieturus
2359 3324 2500 3367 statu
2542 3319 2777 3381 corporis

1721 3400 2001 3458 utcumque
2046 3392 2310 3454 inclinato,
2347 3393 2400 3442 in
2433 3391 2630 3442 ferreas
2662 3407 2780 3441 cus·

1721 3466 1870 3530 pides
1913 3467 2199 3516 incederet.
2266 3467 2405 3517 Gell.
2448 3480 2526 3518 vt.
2571 3471 2624 3516 4.
2668 3473 2684 3495 ‘
2714 3466 2776 3515 In

1720 3549 1856 3590 atras
1879 3549 1936 3591 et
1959 3540 2241 3605 profundas
2256 3541 2501 3590 tenebras
2525 3542 2777 3604 Regulum

1721 3617 2095 3667 includebant:
2130 3629 2192 3666 ac
2239 3616 2329 3665 diu
2375 3623 2506 3679 post,
2542 3616 2780 3666 ubi-erat

1722 3692 1859 3741 visus
1884 3694 1962 3741 sol
1982 3691 2389 3753 ardentissimus,
2409 3698 2628 3755 repente
2646 3692 2779 3742 edu·

1719 3767 1907 3819 cebant
1927 3783 1942 3827 ς
1968 3775 2021 3817 et
2045 3767 2289 3817 adversus
2312 3767 2447 3816 ictus
2469 3767 2591 3817 solis
2612 3781 2779 3832 oppo-

1716 3846 1871 3896 situm
1908 3846 2269 3910 continebant,
2307 3854 2466 3912 atque
2506 3847 2777 3897 intendere

1719 3922 1771 3971 ln
1815 3923 2000 3971 celum
2038 3924 2213 3972 oculos
2249 3923 2526 3987 cogebant.
2594 3924 2780 3987 Palpe-

1721 3998 1837 4047 bras
1860 4011 2067 4063 quoque
2098 3999 2227 4063 qus,
2266 4011 2332 4049 ne
2357 4000 2639 4049 connivere
2660 4013 2779 4064 pos-

1719 4078 1817 4132 set,
1856 4085 2053 4122 sursum
2089 4083 2150 4123 ac
2179 4073 2417 4124 deorsum
2442 4074 2681 4125 diductas
2701 4074 2778 4124 in—

1720 4148 1982 4199 suebant.'
2046 4149 2127 4198 Ex
2145 4149 2417 4199 Tuberone
2433 4151 2563 4200 bec.
2586 4151 2603 4178 ⁸
2618 4147 2777 4200 'rudi-

1721 4233 1869 4276 tanus
1892 4231 2082 4284 autem‚
2118 4239 2297 4275 somno
2329 4224 2419 4275 diu
2441 4225 2778 4290 prohibitum,
