3050 4875
520 355 611 420 46
1206 370 1305 419 ns
1351 369 1632 420 nuruis
1680 371 2025 423 nortun.

529 511 690 571 Noni
720 511 950 590 generis
977 510 1131 573 Odoe
1164 514 1267 573 37.

609 606 736 666 Lib.
767 626 815 668 1.
846 606 977 668 Ode
1060 610 1121 667 9.
1162 607 1369 680 Vides,
1400 618 1466 667 ut
1494 608 1616 667 alta
1643 618 1762 668 stet
1789 608 1921 667 nive
1944 607 2286 670 candidum.

1032 706 1124 764 16.
1170 703 1224 762 Ο
1255 717 1438 764 matre
1466 704 1713 785 pulchra
1739 706 1861 765 filia
1888 704 2204 785 pulchrior.

1030 801 1124 860 17.
1168 799 1363 861 Velox
1390 820 1685 861 amoenum
1714 821 1874 881 saepe
1903 801 2273 862 Lucretilem.

1025 896 1127 957 26.
1171 895 1364 955 Musis
1392 895 1640 974 amicus,
1684 896 1976 958 tristitiam
2006 908 2069 958 et
2093 908 2307 958 metus.

1026 994 1130 1052 27.
1173 990 1347 1052 Natis
1375 992 1436 1051 in
1462 1012 1636 1052 usum
1667 993 1890 1053 laetitiae
1919 993 2179 1073 scyphis.

1030 1091 1131 1149 29.
1174 1089 1312 1162 Icci,
1338 1090 1528 1149 beatis
1558 1109 1715 1149 nunc
1746 1092 2005 1150 Arabum
2034 1089 2282 1150 invides.

1026 1187 1124 1245 31.
1168 1183 1326 1252 Quid
1356 1184 1694 1244 dedicatum
1726 1185 1918 1263 poscit
1954 1185 2308 1265 Apollinem.

1031 1282 1128 1340 34.
1170 1278 1393 1340 Parcus
1423 1280 1682 1340 Deorum
1710 1278 1902 1348 cultor
1928 1292 1990 1341 et
2015 1281 2381 1360 infrequens.

1035 1376 1134 1437 35.
1178 1376 1232 1435 Ο
1264 1376 1419 1437 Diva
1445 1387 1679 1456 gratum
1707 1396 1844 1456 quse
1869 1376 2023 1455 regis
2047 1378 2311 1438 Antium.

1034 1477 1131 1535 37.
1175 1475 1351 1533 Nunc
1379 1484 1473 1533 est
1496 1472 1837 1543 bibendum,
1858 1491 2017 1533 nunc
2047 1472 2197 1552 pede
2227 1474 2433 1534 libero.

740 1589 816 1631 11.
878 1570 887 1574 ’
1084 1572 1139 1631 1.
1182 1568 1409 1628 Motum
1431 1588 1506 1628 ex
1534 1567 1780 1628 Metello
1806 1567 2050 1627 consule
2079 1568 2347 1629 civicum.

1081 1668 1140 1727 3.
1183 1665 1436 1743 AEquam
1463 1674 1761 1724 memento
1789 1665 1964 1723 rebus
1985 1664 2046 1724 in
2075 1662 2298 1724 arduis.

1080 1766 1142 1824 5.
1180 1760 1464 1821 Nondum
1490 1762 1739 1820 subacta
1764 1759 1913 1819 ferre
1931 1759 2142 1838 jugum
2171 1758 2353 1820 valet.

1078 1861 1137 1919 ¹7.
1184 1856 1239 1916 Ο
1270 1875 1430 1937 soepe
1460 1875 1691 1916 mecum
1719 1866 1948 1936 tempus
1976 1856 2038 1914 in
2067 1855 2354 1915 ultimum.

1078 1959 1139 2016 9.
1183 1955 1320 2012 Non
1350 1972 1578 2033 semper
1604 1951 1819 2013 imbres
1848 1951 2099 2011 nubibus
2128 1950 2421 2030 hispidos.

1046 2052 1140 2109 11.
1182 2046 1338 2117 Quid
1365 2048 1685 2107 bellicosus
1714 2047 2031 2118 Cantaber,
2059 2057 2120 2106 et
2147 2046 2420 2127 Scythes.

1048 2144 1140 2202 13.
1185 2141 1291 2202 Ille
1319 2150 1381 2201 et
1407 2141 1642 2201 nefasto
1669 2150 1728 2200 te
1756 2141 1956 2220 posuit
1980 2140 2102 2200 die.

1044 2238 1143 2296 14.
1187 2236 1391 2296 Eheu!
1432 2235 1700 2315 fug-aces,
1730 2236 2075 2309 posthume,
2103 2235 2450 2297 Postbume.

1048 2335 1143 2394 15.
1183 2333 1321 2393 Jam
1347 2351 1540 2412 pauca
1567 2342 1760 2394 aratro
1779 2333 1994 2414 jugera
2018 2333 2250 2412 regiae.-

1044 2429 1142 2490 17.
1185 2428 1307 2489 Cur
1334 2448 1426 2490 me
1453 2427 1706 2509 querelis
1733 2428 2037 2490 exanimas
2066 2427 2204 2488 tuis.

1047 2525 1143 2585 19.
1181 2524 1482 2585 Bacchum
1508 2524 1570 2584 in
1599 2524 1837 2585 remotis
1864 2523 2127 2585 carmina
2152 2522 2415 2603 rupibus.

1039 2624 1137 2684 20.
1182 2621 1238 2679 Ν
1242 2640 1319 2680 on
1345 2621 1587 2694 usitata,
1614 2640 1725 2682 uec
1752 2621 1913 2681 tenui
1941 2620 2113 2680 ferar.

723 2736 833 2776 111.
1087 2719 1138 2778 l.
1181 2716 1299 2775 Odi
1326 2718 1637 2797 profanum
1661 2718 1899 2794 vulgus,
1928 2727 1990 2777 et
2016 2735 2209 2775 arceo.

1085 2815 1147 2872 2.
1191 2812 1545 2890 Angustam,
1574 2812 1766 2883 amici,
1794 2812 2131 2891 pauperiem
2154 2812 2298 2891 pati.
2390 2806 2396 2811 ’

1085 2910 1144 2968 3.
1184 2908 1424 2967 Justum
1436 2917 1515 2973 ,et
1539 2917 1808 2967 tenacem
1837 2906 2121 2986 propositi
2151 2905 2358 2966 virum.

1079 3006 1144 3062 4.
1188 3001 1502 3063 Descende
1529 3001 1701 3073 coelo,
1728 3012 1789 3061 et
1816 3000 1912 3060 dic
1939 3020 2048 3081 age
2078 3002 2240 3063 tibia.

1082 3102 1141 3158 5.
1185 3097 1352 3157 Coelo
1381 3106 1687 3157 tonantem
1713 3096 2067 3157 credidimus
2094 3098 2328 3160 Jovem.

1078 3194 1140 3254 6.
1181 3194 1419 3254 Delicta
1446 3192 1728 3274 majorum
1758 3193 2073 3255 immeritus
2104 3193 2254 3256 lues.

1049 3291 1146 3348 17.
1190 3288 1328 3360 AEli,
1354 3299 1588 3348 vetusto
1616 3290 1830 3349 nobilis
1860 3291 1936 3349 ab
1965 3290 2170 3353 Lamo.

1042 3385 1142 3441 21.
1186 3383 1240 3442 Ο
1266 3392 1409 3442 nata
1433 3402 1663 3443 mecum
1690 3385 1937 3444 consule
1967 3386 2217 3447 Manlio.

1042 3480 1145 3539 23.
1188 3478 1357 3539 Goelo
1385 3481 1628 3557 supinas
1656 3481 1708 3540 si
1734 3481 1937 3541 tuleris
1966 3501 2198 3543 manus.

1042 3574 1143 3633 26.
1185 3572 1320 3632 Vixi
1356 3574 1568 3654 puellis
1597 3594 1782 3656 nuper
1808 3576 2079 3638 idoneus.

1045 3668 1147 3729 29.
1187 3667 1495 3749 Tyrrhena
1523 3689 1727 3749 regum
1757 3670 2091 3750 progenies,
2112 3673 2240 3732 tibi.

740 3783 836 3824 ιν.
1081 3768 1143 3825 4.
1184 3763 1437 3832 Qualem
1463 3765 1793 3850 ministrum
1822 3767 2082 3827 fulminis
2111 3766 2327 3828 alitem.

1083 3863 1142 3920 9.
1187 3861 1281 3920 Ne
1307 3861 1455 3921 forte
1484 3861 1694 3921 credas
1729 3863 2058 3936 interitura,
2082 3883 2237 3942 quoe.

1049 3955 1145 4016 14.
1186 3954 1337 4023 Quoe
1364 3975 1507 4016 cura
1533 3966 1785 4037 patrum,
1822 3978 2030 4038 quaeve
2059 3959 2396 4027 Quiritium.

1050 4052 1145 4110 15.
1186 4048 1447 4113 Phoebus
1472 4050 1765 4113 volentem
1794 4052 1999 4132 proelia
2024 4073 2117 4113 me
2146 4053 2328 4134 loqui.

628 4172 953 4235 Ducum„
978 4194 1235 4239 oenus:
1264 4187 1330 4237 ut
1351 4198 1401 4240 1.
1422 4177 1546 4239 Od.
1567 4180 1664 4238 11.
1685 4196 1821 4257 quoe
1840 4190 1932 4238 est
1955 4179 2329 4242 Monocolos.
2387 4182 2539 4242 Sunt
2560 4183 2718 4243 enim
