3050 4875
1312 380 1657 430 neuun.
2395 357 2404 370 '
2492 364 2581 431 28

540 513 628 584 U.
660 516 736 583 C.
761 519 918 585 ⁷06.
1004 518 1084 585 C.
1115 519 1443 588 Claudius
1474 520 1865 587 Marcellus·
1947 521 2028 588 L.
2057 520 2415 588 Cornelius

851 620 1196 687 Lentulus.
1282 622 1372 687 A.
1401 622 1482 687 C.
1510 624 1620 688 49.
1688 623 1964 688 Horatii
1991 626 2104 707 44.
2377 631 2394 648 ·

476 732 738 815 'rogam
765 735 1024 802 virilem
1070 738 1392 803 sumsisse
1441 735 1509 802 h.
1552 753 1616 805 a.
1667 739 2019 806 Horatium
2064 741 2415 825 probabile
2451 748 2580 805 est.

391 832 573 898 Vide
602 832 910 901 Messon.
940 856 1009 920 p.
1038 838 1146 903 25.

611 1011 691 1077 U.
720 1011 979 1079 0.,709.
1067 1013 1145 1079 C.
1188 1014 1415 1082 Julius
1457 1015 1691 1082 Caesar
1742 1034 1839 1080 ιν.
1883 1016 2026 1081 siue
2067 1015 2367 1100 Collega.

1082 1115 1170 1181 A.
1202 1115 1280 1181 C.
1308 1120 1417 1181 45.
1487 1116 1758 1182 Horatii
1789 1122 1897 1200 ἓξ.

479 1229 825 1296 Ciceronis
879 1229 1080 1310 filius,
1142 1231 1432 1297 Horatio
1489 1233 1797 1316 aequalis,
1845 1233 2097 1316 aliique
2134 1232 2421 1316 juvenes
2465 1251 2583 1296 no-

389 1325 591 1410 biles,
639 1329 952 1409 Bibulus,
995 1329 1374 1410 Acidimus,
1418 1330 1675 1410 Varus,
1730 1327 2056 1409 Messala,
2103 1351 2256 1396 vere
2313 1331 2582 1396 ineunte
2647 1373 2654 1380 -

393 1427 720 1511 Athenas,
762 1434 1141 1499 studiorum
1186 1453 1416 1512 causa,
1448 1429 1972 1517 proficiscuntur.
2059 1433 2206 1498 Cic.
2244 1427 2466 1515 Epist.
2496 1429 2585 1498 ad

394 1531 537 1598 Att.
570 1549 719 1598 xn.
745 1534 850 1598 24.
882 1536 991 1601 27.
1024 1550 1197 1599 xm.
1224 1535 1333 1601 24.
1365 1552 1498 1599 xv.
1528 1533 1635 1600 13.
1662 1535 1769 1600 15.
1856 1533 2219 1600 Probabile
2238 1533 2335 1610 fit,
2358 1531 2584 1599 Hora·

392 1634 555 1697 tium
586 1634 823 1698 eodem
852 1642 1148 1718 tempore
1178 1631 1472 1700 Athenas
1515 1635 1791 1720 petisse,
1835 1642 1910 1699 ut
1953 1631 2394 1718 philosophiae
2425 1652 2583 1717 ope-

392 1745 539 1797 ram
571 1733 781 1799 daret.
872 1731 1052 1799 Nam
1085 1742 1236 1800 ante
1273 1733 1517 1800 bellum
1546 1733 1774 1813 civile,
1804 1742 1959 1817 post
1985 1734 2280 1800 Caesaris
2324 1731 2582 1799 caedem

394 1839 637 1911 ortum,
667 1854 748 1898 eo
770 1854 844 1898 se
871 1836 1142 1900 venisse
1174 1837 1271 1901 ait
1300 1851 1382 1900 ιι.
1413 1836 1632 1920 Epist.
1661 1835 1727 1902 2.
1756 1835 1865 1900 43.
2299 1819 2310 1832 ⁸

626 2017 713 2086 U.
742 2019 821 2087 C.
846 2021 999 2089 710.
1084 2022 1164 2088 C.
1207 2023 1439 2089 Julius
1485 2021 1723 2090 Caesar
1752 2040 1823 2089 v.
1858 2019 1959 2087 Μ.
1999 2023 2357 2089 Antonius.

1085 2124 1171 2189 A.
1201 2122 1281 2189 C.
1324 2125 1434 2188 44.
1497 2119 1766 2189 Horatii
1793 2126 1900 2204 Η.

482 2233 725 2320 Ῐᾶίῑζιιε
771 2235 1031 2305 Martiis
1070 2239 1305 2305 Caesar
1348 2242 1419 2305 in
1455 2239 1642 2306 ouria
1677 2239 1988 2307 Romana
2024 2239 2375 2306 occiditur.
2462 2239 2587 2304 Se·

393 2347 691 2422 quuntur
714 2337 863 2425 ejus
891 2343 1166 2406 mortem
1195 2341 1380 2406 varia
1400 2339 1732 2426 prodigia,
1761 2349 1832 2406 et
1862 2337 2223 2406 Historicis
2251 2345 2321 2405 et
2349 2336 2585 2405 Poetis

393 2438 743 2508 celebrata.
833 2440 1073 2526 Itaque
1109 2461 1154 2507 ι.
1189 2440 1320 2510 Od.
1362 2442 1426 2509 2.
1475 2442 1564 2510 ad
1600 2444 1776 2510 hunc
1817 2463 1884 2509 a.
1922 2442 2117 2508 refert
2146 2442 2583 2526 Interpretum

391 2542 774 2610 multitudo.
858 2543 994 2609 Sed
1034 2544 1190 2628 quis
1216 2546 1347 2610 sibi
1393 2546 1814 2630 persuadeat,
1860 2542 2243 2620 Horatium,
2282 2562 2368 2607 eo
2420 2549 2588 2607 tem-

391 2666 562 2731 pore
592 2652 823 2730 partes
865 2642 1058 2711 Bruti
1101 2647 1516 2730 amplexum,
1556 2646 1623 2709 in
1670 2638 2112 2711 Octavianum
2149 2643 2395 2708 secisse
2424 2638 2586 2707 Car-

391 2767 548 2812 men
578 2754 722 2813 tam
749 2744 1226 2831 splendidum?
1273 2746 1458 2829 quod
1504 2751 1835 2830 praeterea
1872 2751 2124 2810 tantum
2170 2750 2440 2828 tamque
2465 2762 2588 2808 ex·

394 2849 745 2914 ercitatum
800 2844 1088 2914 Poetam
1140 2847 1407 2931 prodat,
1458 2846 1677 2930 qualis
1731 2842 2027 2929 profecto
2077 2851 2237 2910 tunc
2293 2842 2586 2909 nondum

398 2948 691 3013 Flaccus
717 2947 886 3013 suit?

486 3050 737 3114 Brutus
766 3055 836 3113 et
862 3046 1165 3123 Cassius,
1197 3042 1400 3114 Italia
1421 3046 1756 3125 cedentes,
1781 3046 2079 3113 Athenas
2107 3043 2405 3109 veniunt.
2481 3042 2588 3108 lbi

398 3152 651 3217 Brutus
679 3151 857 3216 elam
897 3151 1143 3216 bellum
1184 3156 1396 3234 parat,
1430 3150 1856 3235 juvenesque
1899 3147 2274 3223 Romanos,
2303 3143 2587 3223 Athenis

390 3253 769 3319 stadiorum
797 3268 1005 3317 eausa
1030 3259 1390 3329 versantes,
1437 3250 1571 3317 sibi
1616 3250 1983 3334 conjungit,
2010 3249 2080 3313 in
2107 3248 2215 3312 his
2243 3242 2618 3312 Cieeronis·

392 3356 612 3421 fllium
640 3352 862 3440 (mut.
888 3354 1127 3432 Brut.)‚
1143 3358 1217 3418 et
1236 3353 1622 3431 Horatium,
1649 3353 1805 3437 ipso
1835 3354 2002 3416 teste
2030 3364 2111 3414 ιι.
2138 3344 2355 3432 Epist.
2381 3349 2449 3413 2.
2478 3344 2589 3414 47.

396 3472 481 3521 n.
513 3454 645 3520 od.
673 3455 736 3520 7.
766 3472 868 3538 pr.

398 3608 492 3680 U.
523 3608 601 3679 C.
628 3612 777 3678 711.
867 3610 946 3679 C.
974 3604 1225 3676 Vibius
1255 3607 1504 3677 Pansa.
1566 3610 1656 3677 A.
1705 3608 1989 3675 Hirtius.
2056 3608 2134 3674 G.
2175 3608 2316 3673 Jul.
2357 3605 2589 3671 Gaesar

486 3710 926 3780 Octavianus.
972 3710 1060 3793 Q.
1091 3708 1341 3779 Pedius
1368 3708 1654 3778 suffecti.
1720 3711 1805 3776 A.
1836 3709 1915 3775 C.
1935 3711 2045 3775 43.
2090 3708 2365 3775 Horatii
2393 3711 2501 3791 «ἢ.

486 3832 771 3898 Ineunte
797 3850 975 3896 anuo
999 3829 1097 3894 Μ.
1128 3830 1379 3896 Brutus
1408 3849 1562 3893 eum
1590 3828 1813 3911 copiis
1841 3827 1908 3890 in
1929 3825 2397 3890 Macedoniam
2423 3821 2588 3901 abit,

392 3952 759 4018 secumque
806 3932 989 3996 ducit
1028 3931 1410 3996 Horatium.
1499 3929 1602 3993 M.
1633 3928 1962 4013 Lepidus,
1995 3922 2093 3991 M.
2122 3925 2478 4000 Antonius,
2507 3921 2587 3987 C.

388 4033 635 4115 ‚Caesar
686 4033 1096 4111 Octavianus
1142 4031 1557 4097 Triumviros
1607 4030 1814 4114 Reip.
1860 4024 2340 4107 constituendae
2397 4025 2464 4089 in
2499 4040 2591 4086 J.

400 4157 619 4204 annos
646 4155 723 4201 se
752 4134 1142 4213 renuntiant,
1173 4143 1243 4199 et
1269 4134 1655 4218 provincias
1681 4132 1856 4196 inter
1887 4149 1962 4194 se
1990 4126 2415 4193 distribuunt.
