3050 4875
1252 378 1325 438 Q.
1369 376 1715 426 noua-ru·
1745 377 2008 427 rnAcci

889 522 961 589 N
962 542 1039 588 ec
1068 522 1450 588 Laconicas
1478 521 1645 588 mihi

968 623 1271 689 Trahunt
1295 624 1589 689 honestae
1620 643 1951 710 purpuras
1982 625 2259 692 clientae.

887 720 987 789 At
1014 724 1185 790 fides
1213 734 1286 790 et
1311 724 1539 809 ingeni

973 827 1274 909 Benigne
1301 847 1477 894 vena
1504 832 1646 908 θεὶς
1690 846 2193 912 pauperemque
2223 827 2411 893 dives
2650 830 2737 894 li)

542 998 1221 1064 regalenspomtiaaiinoaa'.
1289 1001 2740 1068 Neoclientoekaudoileemtnikipwanhconioen.

554 1064 727 1115 Verani
743 1064 964 1131 fidelitas
981 1067 1115 1117 adest
1135 1071 1183 1116 st
1203 1066 1410 1131 copim
1430 1067 1618 1129 ingenii
1633 1068 1772 1128 sons.
1837 1068 1908 1117 Et
1925 1069 2154 1130 exiguam
2172 1082 2247 1118 ιιιο
2267 1070 2508 1132 opulentas
2527 1067 2746 1132 requirit·

1452 1210 1573 1232 m&
1577 1209 1824 1232 ΝΟΟΜΟ

552 1305 664 1341 ram
702 1305 768 1339 ex
810 1291 977 1341 altera
1013 1291 1244 1343 lectione
1267 1293 1532 1345 existere!
1564 1295 1802 1345 Juvat—7
1837 1294 1943 1346 Nec
1975 1293 2210 1344 Mennim
2246 1307 2376 1343 unus
2414 1293 2582 1343 codex
2618 1292 2747 1342 Pul-

548 1356 743 1414 manni,
778 1370 911 1406 unus
929 1355 1151 1419 GisanH,
1184 1357 1333 1423 (vide
1368 1358 1489 1408 Iud.
1521 1358 1765 1423 Luci-et.)
1799 1373 1930 1409 unus
1966 1360 2126 1423 Cruq.
2166 1361 2315 1409 Dess-
2351 1362 2401 1410 2.
2451 1356 2746 1406 Helmstad.

551 1421 718 1471 Cunin
757 1451 773 1467 .
795 1428 851 1469 et
871 1420 1066 1472 Sanad.
1116 1422 1266 1471 ‘Vide
1289 1422 1355 1472 ad
1378 1436 1419 1472 1.
1445 1423 1552 1473 Od.
1574 1428 1625 1474 1.
1642 1427 1790 1474 8.-8
1823 1423 1975 1474 Harl.
2001 1428 2047 1473 1.
2067 1427 2118 1473 2.
2138 1426 2188 1472 8.
2205 1427 2256 1472 4.
2277 1428 2327 1473 5.
2345 1426 2398 1472 6.
2419 1422 2612 1472 clientes
2627 1436 2648 1479 ,-
2671 1422 2749 1471 ita

551 1484 711 1534 etiam
787 1484 1012 1534 ulmanni
1033 1485 1211 1537 Hunn.
1230 1486 1502 1538 Gembiac.
1520 1493 1569 1538 1.
1589 1496 1646 1538 et
1666 1488 1866 1538 Beller.
1888 1502 2019 1537 uuus
2039 1486 2226 1536 Bland.
2248 1488 2408 1551 Cruq.
2429 1501 2461 1536 a
2483 1501 2552 1535 m.
2574 1500 2618 1535 s.
2637 1498 2747 1534 om-

550 1562 647 1598 nes
661 1549 811 1599 'rot-r.
834 1550 977 1613 quid.
1002 1550 1183 1602 lamb.
1206 1550 1310 1602 duo
1328 1551 1532 1603 Boram.
1556 1551 1670 1604 Ait.
1693 1558 1740 1603 1.
1761 1551 1879 1617 (qui
1900 1559 1957 1602 et
1978 1551 2137 1601 liabet
2157 1550 2365 1615 mati)
2377 1559 2438 1615 et
2454 1555 2506 1600 2.
2528 1550 2681 1599 Desa.
2700 1554 2747 1599 1.

554 1627 587 1662 a
609 1627 678 1661 m.
699 1628 741 1662 s.
764 1620 820 1663 et
835 1618 886 1663 2.
912 1615 1051 1677 Βίρι.
1073 1618 1122 1664 1.
1143 1630 1173 1665 a
1195 1630 1264 1666 ιιι.
1285 1629 1330 1665 s.
1349 1613 1492 1681 Lips.
1510 1620 1561 1668 2.
1586 1621 1636 1668 8.
1658 1621 1712 1667 4.
1735 1617 1860 1667 Zar-
1886 1616 2021 1666 Flor.
2049 1618 2191 1665 1482.
2215 1617 2340 1666 Vet.
2356 1615 2538 1665 Comb.
2562 1614 2750 1663 Venet-

555 1680 701 1729 1492.
736 1677 863 1728 Asc.
890 1678 1113 1728 Locher.
1175 1679 1311 1729 ‘Sed
1336 1688 1533 1743 preter
1573 1681 1943 1731 anctoritatem
1984 1680 2318 1744 plurimorum
2343 1694 2404 1728 ac
2428 1678 2754 1743 praestantis·

552 1740 796 1790 simorum
836 1742 990 1792 codd.
1031 1741 1195 1793 multo
1230 1744 1386 1793 etiam
1427 1745 1733 1810 exquisitius
1775 1752 1834 1795 et
1871 1744 2135 1795 venustius
2172 1750 2254 1794 est
2284 1742 2510 1793 clienta!
2539 1740 2753 1795 sani.-

553 1808 588 1854 9
621 1805 866 1856 Heinsius
902 1807 1090 1858 scribit
1128 1808 1336 1872 ingenii,
1371 1822 1438 1860 ex
1475 1808 1780 1875 quibusdam
1810 1808 1963 1860 codd.
2016 1812 2071 1857 at
2105 1807 2271 1871 ingeni
2294 1807 2432 1871 conj.
2458 1807 2752 1872 owing.—

1543 1936 1758 1989 NOTAE

557 2033 692 2098 quit,
735 2034 752 2062 ‘
774 2032 906 2096 regii
938 2032 1203 2096 sanguinis
1229 2031 1380 2083 ferox
1404 2033 1614 2098 juvenis
1691 2033 1895 2098 Tyrias,
1934 2032 2289 2098 dibaphasque
2340 2037 2396 2081 et
2441 2030 2765 2093 Laconicas:

550 2108 709 2158 urbes
747 2108 957 2171 regibus
992 2122 1178 2172 parere
1198 2117 1473 2159 consuetas
1497 2123 1615 2175 par·
1694 2113 1797 2161 ἅο.
1814 2108 1885 2159 Et
1899 2112 2139 2159 xxxmo.
2159 2110 2177 2137 ⁴
2196 2109 2243 2157 E
2259 2107 2462 2173 liquidis
2478 2106 2760 2168 coloribus,

556 2185 650 2234 tim
690 2184 951 2235 solicitat:
986 2198 1179 2248 paucas
1218 2185 1525 2236 resistentes
1563 2184 1617 2234 vi
1694 2200 1825 2254 quos
1845 2201 1878 2235 a
1906 2185 2128 2236 dominis
2151 2184 2263 2235 dari
2289 2183 2507 2234 diximus
2541 2192 2762 2248 propter

554 2261 759 2325 recepit
774 2270 801 2309 ι·
827 2261 1003 2312 Crassi
1028 2275 1231 2326 quoque
1253 2262 1506 2318 Pretoris
1530 2275 1617 2311 ce·
1694 2259 2102 2326 magnitudinem
2125 2261 2302 2325 pretii,
2330 2269 2453 2310 aute
2475 2273 2653 2310 omnes
2673 2267 2761 2310 est

555 2337 687 2388 cidit
708 2337 993 2388 exercitum
1015 2373 1028 2387 .
1056 2371 1070 2388 .
1092 2372 1106 2389 .
1133 2373 1148 2389 .
1184 2353 1305 2388 mox
1329 2352 1361 2387 a
1383 2338 1619 2402 Perpen-
1693 2337 2058 2402 purpurissum
2097 2371 2111 2386 .
2136 2371 2151 2387 .
2174 2371 2188 2387 .
2216 2371 2230 2387 .
2262 2335 2504 2386 laudatur
2538 2337 2763 2386 Laconi·

557 2430 628 2466 ua
662 2414 888 2484 domitus
922 2424 979 2467 et
1014 2422 1196 2481 eaptus
1219 2449 1234 2465 .
1259 2449 1275 2468 .
1299 2450 1314 2466 .
1337 2452 1353 2467 .
1378 2414 1619 2482 Aquilius

559 2491 782 2542 Asiatici
802 2492 923 2542 belli
944 2492 1184 2558 reliquias
1206 2490 1467 2555 confecit3
1489 2491 1619 2544 mix-

558 2567 628 2616 tis
665 2565 863 2633 (nefas)
901 2581 1101 2618 veneno
1125 2565 1360 2617 fontibus
1384 2567 1451 2618 ad
1474 2566 1622 2618 dedi·

559 2641 754 2692 tionem
776 2642 1101 2708 quarundam
1123 2641 1370 2705 urbium,’
1388 2645 1488 2693 διο.

624 2724 659 2771 7
695 2720 802 2770 Nee
836 2719 1096 2770 monim
1136 2721 1257 2771 nisu·
1297 2721 1512 2771 stam
1537 2720 1621 2771 Ιιο-

558 2801 707 2846 nestae
744 2810 981 2859 papates
1023 2796 1232 2860 cliente]
1296 2796 1411 2848 Nec
1453 2794 1621 2850 liabeo

558 2871 796 2934 clientes,
817 2885 945 2937 quos
964 2872 1061 2922 soii
1084 2872 1272 2922 divites
1292 2887 1354 2924 ac
1378 2880 1622 2938 potentes

560 2946 791 2998 liabent:
827 2961 926 2998 nec
969 2948 1101 2998 adeo
1134 2945 1400 2999 clientium
1434 2964 1622 3001 uxores

450 3091 463 3102 ·
561 3033 690 3076 nent
712 3026 832 3077 mihi
857 3027 1020 3089 lanas,
1036 3042 1067 3077 e
1086 3027 1268 3092 quibus
1287 3041 1487 3091 pannus
1504 3041 1625 3079 con·

561 3098 753 3164 fectus,
774 3117 835 3153 ac
859 3103 1084 3154 imbutus
1104 3103 1314 3154 humore
1334 3103 1491 3167 piscis
1514 3119 1624 3155 mu·

566 3178 706 3242 ricis,
728 3177 794 3227 ad
814 3179 1091 3230 Tanarum
1116 3180 1357 3229 Laconia&
1382 3194 1626 3244 promou-

566 3254 758 3303 torium
782 3254 943 3317 capti,
974 3253 1281 3319 suppeditet
1303 3255 1425 3305 mihi
1448 3261 1625 3306 vestes

564 3341 852 3393 purpureas
896 3341 1085 3394 easque
1132 3329 1284 3379 valde
1328 3330 1628 3396 exquisitas,

567 3417 684 3468 quse
729 3403 795 3452 ad
835 3405 973 3454 solos
1006 3402 1223 3468 nobiles,
1253 3403 1535 3468 Patricia,
1565 3419 1628 3456 ac

566 3479 914 3544 Magistratus
966 3479 1249 3544 pertinent.
1316 3479 1429 3531 cte.
1471 3479 1626 3532 verr.

566 3568 644 3605 iv.
664 3569 715 3605 u.
736 3561 818 3608 59.
853 3562 869 3584 ‘
886 3555 1009 3620 Ipse
1035 3554 1192 3606 dabat
1213 3566 1492 3620 purpuram
1511 3563 1627 3606 tan-

567 3638 697 3694 tum,
728 3632 879 3682 amici
921 3630 1144 3695 ψει-αι’
1211 3631 1444 3682 Laconia
1474 3632 1629 3683 Peio-

568 3709 786 3772 ponnesi
841 3709 986 3771 regio
1032 3723 1274 3773 purpure
1315 3709 1632 3783 excellentia

568 3784 774 3833 nobilis.
841 3783 979 3834 Pliu.
1001 3796 1122 3834 xxi.
1138 3788 1186 3833 8.
1209 3786 1227 3812 ⁴
1246 3784 1526 3848 Unguento
1543 3797 1629 3833 na·

569 3867 739 3911 turam
762 3860 949 3909 vicisse
972 3860 1203 3924 gaudens
1224 3859 1444 3922 luxuria,
1472 3860 1631 3910 vesti·

570 3935 668 3985 bus
690 3948 894 4000 quoque
920 3935 1226 3997 provocavit
1246 3947 1335 3984 eos
1351 3932 1525 3997 flores,
1542 3935 1630 4000 qni

569 4012 743 4061 colore
765 4010 1204 4061 commendantur.
1276 4007 1389 4060 Hos
1404 4010 1632 4061 animad-

572 4094 723 4138 verto
746 4098 852 4138 tres
884 4101 999 4137 esse
1021 4086 1366 4152 principales=
1402 4089 1632 4138 nnumin

574 4177 755 4225 cocco,
791 4165 880 4228 qui
917 4164 968 4214 in
1008 4164 1138 4214 rosis
1168 4164 1346 4214 micat.
1409 4165 1632 4216 Gratius

572 4237 703 4290 niliil
726 4245 955 4306 aspectu.
1019 4239 1258 4291 Trahitur
1293 4241 1347 4291 in
1381 4252 1633 4305 purpuras

1699 2426 1836 2478 cum,
1873 2411 2014 2464 unde
2051 2411 2434 2477 pretiosissima
2472 2411 2768 2476 purpure?

1698 2489 1836 2540 Vide
1856 2501 2015 2553 supra
2036 2488 2144 2541 od.
2169 2501 2291 2538 xvi.
2324 2487 2419 2539 sub
2451 2486 2606 2537 finem
2628 2487 2768 2539 Not.

1702 2564 1769 2617 ad
1790 2566 1882 2616 has
1906 2578 2095 2616 voces:
2129 2564 2243 2614 ‘Te
2283 2564 2360 2614 bis
2394 2561 2523 2614 Afro
2561 2566 2767 2614 murice

1702 2641 1883 2694 tincta
1903 2641 2156 2692 Vestiunt
2173 2639 2343 2708 ianm(
2501 2643 2508 2650 '

1763 2724 1798 2771 9
1849 2717 2603 2785 AtfldesetiugcaiBeaigna
2640 2729 2770 2768 vena

1698 2794 1795 2860 ese]
1829 2794 1982 2850 Quod
2024 2795 2067 2845 si
2107 2795 2281 2844 desint
2318 2807 2463 2858 opes,
2493 2802 2550 2844 at
2572 2794 2770 2857 opibus

1698 2873 1964 2941 quidpiam
1999 2871 2180 2922 melius
2210 2884 2273 2920 ac
2307 2871 2640 2935 pra-stantius
2674 2869 2770 2919 ha·

1700 2952 1840 3002 heres
1870 2950 2113 3013 contigit,
2148 2948 2387 2999 nimirum
2429 2946 2553 2997 fidei
2601 2948 2773 2997 virtu-

1702 3036 1833 3092 tem,
1845 3040 2046 3077 necnon
2066 3024 2258 3091 ingenii
2275 3025 2448 3074 lumen
2462 3031 2520 3074 et
2540 3022 2771 3074 faculta-

1706 3109 1832 3155 tem.

1770 3179 1996 3242 Benigno
2029 3175 2172 3241 vena]
2219 3175 2533 3241 Metapliora
2554 3189 2586 3225 a
2605 3180 2772 3226 terrie

1704 3254 1871 3315 venis,
1914 3266 1944 3304 e
1988 3251 2173 3317 quibus
2223 3249 2399 3301 fontes
2454 3261 2774 3313 promanant

1706 3331 1922 3381 uberes:
1983 3329 2225 3392 designat
2276 3327 2472 3390 optime
2529 3326 2776 3376 discendi

1704 3404 2070 3469 scribendique
2084 3403 2408 3464 facilitatem,
2425 3415 2525 3467 qua
2543 3403 2634 3467 qui
2651 3402 2776 3452 des-

1708 3482 1898 3533 titutus
1921 3478 2098 3544 fuerit,
2131 3481 2177 3529 is
2211 3479 2378 3529 invita
2411 3480 2676 3542 Minerva,
2697 3480 2777 3529 iu·

1708 3557 1829 3606 vitis
1848 3555 2091 3620 Apolline
2113 3569 2175 3605 ac
2199 3553 2365 3605 Musis
2379 3554 2650 3605 literarum
2667 3562 2780 3605 stu·

1708 3633 1847 3683 dium
1872 3633 2122 3697 capessit,
2140 3632 2236 3680 hoc
2260 3637 2358 3692 est,
2374 3632 2543 3681 oleum
2569 3638 2624 3682 et
2646 3645 2779 3697 ope-

1707 3723 1816 3760 ram
1863 3708 2057 3773 perdit.
2127 3699 2296 3771 Epist.
2333 3707 2399 3757 ad
2426 3709 2662 3773 Pisones,
2695 3723 2780 3760 vs.

1708 3791 1825 3837 885.
1859 3785 1971 3834 ‘Tu
2012 3784 2137 3833 nihil
2170 3784 2336 3834 invita
2362 3783 2505 3833 dices
2536 3782 2777 3835 faciesve

1709 3857 1989 3912 Minerva!
2054 3860 2125 3909 Et
2163 3874 2237 3910 vs.
2283 3863 2400 3909 408.
2432 3861 2448 3890 ‘
2471 3859 2677 3910 Natura
2713 3859 2782 3910 fi-

1711 3944 1828 3987 eret
1882 3934 2147 3986 laudabile
2214 3947 2443 4000 carmen,
2503 3950 2568 3985 an
2635 3943 2778 3993 arte.

1709 4012 2000 4066 Quaesitum
2019 4019 2116 4062 est.
2160 4012 2271 4076 Ego
2294 4025 2391 4062 nec
2409 4012 2635 4062 studium
2659 4013 2778 4062 siue

1711 4088 1873 4139 divite
1912 4102 2065 4150 vena,
2110 4087 2225 4139 Nec
2268 4086 2397 4137 rude
2443 4087 2565 4155 quid
2601 4091 2779 4153 prosit

1712 4165 1862 4217 video
1884 4163 2180 4228 ingenium?

1779 4245 1843 4291 lo
1880 4242 2227 4304 pauperemque
2240 4240 2373 4291 dives
2392 4240 2478 4291 Me
2497 4240 2645 4305 petit]
2677 4241 2774 4293 Me
