3050 4875
1203 359 1623 410 rnAEFA'mo.
2493 344 2537 407 9

331 500 485 570 culo
513 504 738 565 nostro
782 506 891 565 est
935 501 1296 583 antiquior,
1341 501 1654 585 idemque
1702 500 1888 592 Odas
1918 520 2151 567 omnes
2192 501 2430 569 Poetae
2458 522 2541 569 eo

327 602 482 685 ipso
512 602 762 679 ordine,
793 622 928 686 quo
955 603 1280 673 habentur
1322 605 1388 667 in
1418 604 1611 672 libris
1641 604 1907 681 nostris,
1937 605 2290 686 recenset?
2363 603 2542 670 Poe-

326 709 465 772 tam
493 703 763 786 quidem
794 703 1021 786 ipsum
1048 705 1268 787 primo
1307 704 1521 772 libros
1562 709 1693 769 tres
1726 704 2134 784 Carminum,
2166 705 2408 771 deinde
2437 708 2542 771 in-

325 805 606 872 tervallo
662 805 861 889 longo
928 805 1329 889 interposito
1366 811 1709 889 quartum
1766 806 2087 885 edidisse,
2127 809 2379 872 'auctor
2433 815 2542 873 est

327 905 694 978 Suetonius
737 908 809 972 in
839 906 1043 989 Vita3
1090 908 1203 974 cui
1248 908 1342 973 rei
1386 909 1587 991 plane
1633 907 1981 973 Sanadoni
2024 909 2395 975 institutum
2433 928 2540 988 re-

324 1015 609 1093 pugnat.

414 1109 555 1178 Sed
584 1129 812 1194 operae
844 1111 1131 1194 pretium
1163 1115 1291 1190 est,
1320 1112 1385 1176 h.
1411 1131 1471 1176 e.
1502 1111 1832 1179 studiosis
1861 1113 2159 1192 Horatii,
2186 1113 2302 1198 qui
2331 1112 2542 1180 Bent-

323 1211 624 1288 leiannm
652 1213 1003 1296 exemplar
1042 1213 1130 1280 ad
1173 1234 1410 1279 manus
1451 1235 1604 1281 uon·
1632 1216 1910 1294 babent,
1938 1216 2542 1297 accommodatum,

326 1313 494 1400 poni
523 1322 680 1399 post
698 1315 871 1382 hanc
903 1314 1377 1381 Praefatiouem
1401 1315 1981 1401 locumintegrum
2005 1338 2093 1384 ex
2127 1317 2542 1394 Praefatioue

325 1418 463 1482 viri
496 1420 750 1501 magni,
779 1436 919 1502 quo
947 1425 1255 1501 tempora
1282 1419 1597 1484 librorum
1629 1419 1908 1485 Horatii
1936 1420 2241 1504 ordinat3
2288 1420 2374 1485 de
2404 1438 2542 1504 quo

326 1520 459 1588 hoc
488 1525 664 1588 certe
707 1520 1102 1590 confirmare
1130 1541 1453 1604 possum,
1496 1541 1626 1600 me,
1672 1521 1829 1598 dum
1872 1541 2195 1588 recenseo
2240 1520 2543 1604 singulas

324 1622 653 1706 Eologas,
702 1623 1053 1710 diligenter
1098 1624 1476 1702 attendisse,
1540 1627 1601 1690 si
1660 1624 1824 1710 quid
1878 1632 2063 1691 esset
2121 1624 2543 1700 Bentleiauis

332 1731 705 1810 temporum
761 1724 1133 1798 rationibus
1177 1726 1557 1804 adversum,
1604 1746 1725 1792 nec
1777 1726 2298 1811 deprehendisse
2355 1727 2546 1813 quic-

332 1847 562 1911 quam,
604 1826 792 1914 quod
823 1834 1236 1892 momentum
1276 1827 1553 1911 aliquod
1580 1826 1667 1893 ad
1697 1847 1845 1893 eam
1874 1828 2304 1895 evertendam
2332 1828 2545 1895 habe-

329 1937 456 2007 ret,
482 1930 646 1996 licet
670 1927 1079 2013 quibusdam
1125 1928 1399 2013 Eclogis
1447 1948 1582 1995 non
1616 1930 2052 2013 improbabili
2081 1933 2341 1997 ratione
2371 1932 2542 1998 forte

329 2039 592 2113 tempus
636 2030 843 2094 etiam
884 2028 1097 2108 aliud,
1149 2031 1487 2096 recentius
1535 2032 1930 2114 praesertim,
1990 2034 2211 2117 possit
2268 2033 2558 2099 ascribi.‘

331 2131 444 2196 De
478 2132 807 2198 Saeculari
838 2130 1148 2196 Carmine
1192 2151 1316 2198 suo
1360 2134 1515 2199 loco
1563 2134 1738 2199 satis
1779 2133 2053 2213 dietum,
2098 2145 2169 2200 et
2194 2135 2541 2201 laudatum

329 2235 666 2316 ingenium
694 2232 1069 2299 Sanadoni.
1135 2232 1394 2323 ,Possit
1416 2234 1666 2320 aliquis
1711 2236 1967 2301 Drama
1995 2238 2176 2302 velut
2205 2236 2546 2321 quoddam

328 2356 463 2401 non
515 2335 817 2400 absimile
866 2340 1224 2401 contexere
1271 2355 1363 2402 ex
1405 2337 1515 2416 iis,
1566 2357 1720 2425 quae
1763 2339 1832 2402 in
1885 2338 2232 2405 Canidiam
2285 2338 2546 2422 scripta

331 2446 512 2515 sunt,
557 2437 616 2503 si
647 2437 889 2521 jungat
919 2453 968 2500 1.
1000 2435 1147 2503 Sat.
1179 2437 1243 2503 8.
1322 2440 1542 2523 Epod.
1572 2460 1637 2506 v.
1684 2450 1757 2505 et
1789 2457 1981 2506 xvn.
2010 2442 2298 2527 denique
2330 2458 2380 2505 ι.
2411 2440 2546 2507 Od.

329 2540 439 2606 16.
463 2541 583 2629 qui
612 2536 762 2623 ipse
793 2538 960 2604 ordo
998 2557 1088 2604 ex
1139 2550 1530 2625 argumento
1570 2542 1841 2609 elucens
1883 2542 2157 2628 pulchre
2205 2544 2544 2609 Bentleia-

328 2662 491 2708 nam
516 2641 602 2706 de
632 2642 1043 2726 temporibus
1072 2642 1469 2727 hypothesin
1499 2645 1866 2710 confirmat.

418 2743 601 2825 Quae
630 2743 852 2809 adbuc
895 2744 1266 2828 disputavi,
1309 2764 1392 2811 ea
1437 2747 1526 2811 ad
1569 2746 1758 2812 illam
1800 2745 1935 2811 fere
1984 2754 2240 2832 partem
2272 2748 2544 2815 consilii

328 2848 462 2912 mei
486 2847 834 2931 pertinent,
864 2844 1046 2928 quod
1077 2847 1287 2911 statui
1324 2865 1748 2927 conservare,
1793 2854 2123 2931 quantum
2154 2850 2223 2912 in
2263 2867 2370 2912 me
2412 2857 2545 2929 est,

334 2948 613 3048 Horatii
645 2947 870 3026 verba,
912 2948 1344 3032 ordinemque
1384 2948 1822 3029 Poematum,
1870 2959 1941 3016 ut
1985 2970 2073 3015 ea
2115 2969 2207 3015 ex
2250 2952 2544 3035 antiquis

326 3052 519 3121 libris
552 3049 639 3116 ad
669 3068 798 3114 nos
827 3068 1214 3132 pervenere.
1305 3049 1384 3113 In
1414 3047 1768 3116 Varietate
1810 3051 2187 3129 Lectionis,
2218 3071 2420 3136 quam
2448 3054 2546 3118 al-

330 3163 547 3219 teram
577 3152 803 3217 dotem
850 3148 1189 3216 Editionis
1232 3159 1487 3216 nostrae
1540 3152 1846 3217 volebam
1888 3171 2064 3230 esse,
2094 3152 2366 3218 modum
2408 3174 2543 3220 ser-

332 3275 493 3320 vare
515 3274 669 3319 eum
699 3252 883 3319 volui
918 3253 1258 3336 equidem,
1297 3273 1495 3337 quem
1534 3256 1858 3338 optimum
1887 3254 2050 3320 mibi
2082 3254 2289 3320 videri
2332 3274 2543 3340 supra

334 3357 658 3425 indicavi.
747 3354 1102 3431 Notarum,
1133 3357 1383 3440 quibus
1426 3377 1505 3422 ea
1539 3360 1606 3421 in
1635 3377 1705 3421 re
1737 3376 1904 3421 usus
1930 3376 2103 3434 sum,
2134 3358 2547 3441 explicatio-

333 3481 489 3527 nem
521 3455 766 3523 deinde
807 3475 1082 3540 ponam,
1111 3464 1177 3522 et
1221 3457 1462 3525 eadem
1506 3457 1827 3525 indicabo
1869 3457 2128 3523 auxilia
2155 3456 2356 3541 hujus
2387 3456 2547 3525 Edi·

338 3562 566 3640 tionis,
596 3548 962 3642 eorumque
989 3568 1328 3627 auctores.

422 3663 714 3744 Qualem
773 3667 1077 3744 optarem
1135 3664 1752 3748 interpretationem
1820 3661 2117 3739 Horatii,
2183 3660 2255 3725 id
2322 3661 2548 3743 ipsum

336 3784 605 3853 quoque
635 3756 841 3845 'supra
866 3762 1154 3842 ostendi,
1183 3783 1467 3849 eamque
1496 3765 1821 3830 rationem
1851 3781 1975 3846 pro
2001 3761 2178 3827 virili
2206 3766 2399 3844 parte
2439 3781 2546 3826 se-

337 3876 536 3936 cutus
563 3885 734 3932 sum.
822 3863 1011 3939 Rene
1037 3864 1219 3932 dicta
1246 3869 1334 3932 ab
1359 3868 1655 3953 antiquis
1702 3864 2102 3932 Scholiastis
2131 3869 2200 3929 et
2241 3863 2545 3929 Baxtero

336 3990 474 4036 non
504 3988 682 4053 opus
709 3966 1053 4033 habebant
1073 3987 1227 4033 mea
1268 3969 1811 4035 confirmatione:
1858 3967 1920 4033 si
1959 3966 2121 4051 quid
2163 3983 2363 4030 secus
2392 3985 2548 4031 seu-

338 4076 556 4149 tirem,
583 4072 648 4135 in
676 4070 765 4134 iis
793 4068 991 4146 locis,
1036 4070 1156 4153 qui
1200 4076 1603 4135 momentum
1641 4066 1920 4153 aliquod
1965 4067 2206 4132 habere
2247 4065 2549 4131 videren-

339 4183 466 4252 tur,
509 4171 807 4238 indicavi
849 4168 1097 4237 libere:
1145 4181 1446 4239 ceterum
1490 4173 1600 4239 hic
1643 4189 1906 4247 moneo,
1952 4167 2218 4237 silentio
2256 4187 2364 4234 me
2391 4187 2546 4259 meo
