3050 4875
966 418 1382 469 assumunt
1438 420 1580 470 nm.
1627 423 1741 472 111.
1783 409 1848 474 5.

2370 409 2503 477 418

736 552 848 621 Ab
876 577 950 623 se
977 562 1358 638 removisse,
1387 567 1456 626 et
1485 562 1735 628 virilem

826 657 1082 724 Torvus
1112 661 1290 724 humi
1321 665 1638 744 posuisse
1664 665 1943 743 vultum,

655 755 894 823 Donec
925 759 1228 825 labantes
1261 763 1540 827 oonsilio
1572 763 1812 829 Patres

2412 770 2502 832 45

650 856 974 924 Fir-maret
995 867 1232 926 auctor
1259 883 1593 945 nunquam
1625 866 1795 930 alias
1825 867 2005 946 dato,

739 956 1050 1043 Interque
1075 969 1426 1028 moerentes
1459 966 1717 1030 amicos

823 1059 1143 1144 Egregius
1172 1070 1563 1148 properaret
1588 1067 1769 1130 exul.

306 1252 580 1327 son-[crox
599 1254 652 1302 ia
683 1259 812 1304 terra
831 1256 1073 1322 defixisse,
1095 1271 1239 1322 usqae
1262 1259 1374 1308 dam
1409 1260 1686 1310 vacillantes
1722 1261 1973 1312 Senatores
2003 1276 2168 1312 suasor
2203 1264 2501 1325 confirmaret

303 1321 560 1366 musone
597 1318 725 1368 haud
765 1335 965 1383 anquam
1000 1322 1115 1371 data
1128 1337 1148 1381 ,·
1201 1329 1249 1373 et
1289 1338 1374 1386 per
1410 1325 1587 1374 medios
1615 1325 1888 1384 saniliares
1916 1328 2122 1376 dolentes
2159 1328 2358 1377 illustris
2386 1331 2500 1377 exul

1293 1484 1506 1537 No‘rAE

302 1601 421 1635 num
477 1603 577 1637 non
633 1593 892 1643 convenit.
959 1594 1107 1647 Paul.
1167 1596 1359 1650 Jurise.

302 1664 318 1690 ⁸
338 1661 464 1711 Tria
484 1664 637 1726 sunt,'
675 1666 862 1729 inquit,
909 1674 1052 1732 ‘quae
1084 1669 1362 1733 babemus3

301 1736 617 1799 libertatem,
638 1739 926 1806 civitatem,
947 1742 1209 1794 familiam.
1230 1746 1360 1797 Cum

303 1812 401 1862 tria
422 1812 535 1862 liaec
558 1808 860 1879 amittimus,
878 1819 1098 1867 maxima
1113 1827 1197 1869 est
1218 1821 1361 1884 eapi-

298 1889 370 1938 tis
391 1888 681 1942 diminutio.
753 1893 880 1943 Cum
923 1894 1202 1946 amittimus
1235 1896 1360 1945 civi·

301 1972 483 2020 tatem,
508 1974 563 2015 et
602 1967 896 2018 libertatem
935 1970 1233 2033 retinemus,
1255 1986 1361 2022 me·

301 2041 387 2090 dia
410 2049 492 2091 est
514 2042 803 2093 diminutio.
867 2044 1107 2110 Denique
1145 2061 1259 2097 cum
1298 2047 1361 2097 li·

297 2115 558 2166 bertatem
612 2125 668 2167 et
742 2119 1008 2168 civitatem
1064 2120 1361 2183 retinemus,

300 2190 500 2243 familia
525 2208 645 2243 sero
668 2194 776 2245 sola
798 2204 1046 2257 mutatur,
1084 2197 1241 2262 (puta
1263 2212 1360 2261 per

298 2266 674 2332 adoptionem,)
686 2277 763 2319 est
775 2270 1045 2323 diminutio
1063 2271 1250 2335 capitis
1269 2273 1360 2322 mi·

300 2343 474 2393 nima?
540 2345 618 2393 Ex
640 2345 719 2395 bis
751 2346 1059 2411 intelligitur
1088 2362 1183 2397 cur
1220 2348 1360 2397 servi

299 2433 402 2470 non
426 2421 615 2473 babere
634 2431 812 2490 eaput,
832 2439 929 2475 nee
947 2425 1160 2475 diminui
1183 2425 1359 2489 capite

298 2498 572 2548 dieantur:
606 2502 728 2564 quia
743 2502 936 2552 nullum
953 2509 1144 2552 statum
1166 2502 1359 2552 babent

300 2573 565 2636 videlicet,
581 2588 747 2639 neque
765 2576 1080 2637 libertatem,
1098 2591 1265 2640 neque
1283 2578 1355 2628 ei-

300 2649 534 2709 vitatem,
570 2664 668 2700 nec
711 2649 976 2702 familiam.
1039 2652 1173 2701 Vide
1221 2653 1351 2703 Coel.

301 2725 522 2789 modig-
548 2738 683 2776 xxv·
706 2730 791 2776 2⁸⁰

361 2804 426 2850 45
477 2801 641 2851 Donec
692 2801 901 2852 labotes
940 2803 1135 2853 oonsilio
1179 2804 1356 2854 Patres

299 2876 560 2938 fimas-ee,
588 2876 697 2940 trs-‚J
730 2878 964 2929 Incertus
1005 2880 1197 2929 etenim
1231 2877 1355 2945 qnid

295 2961 589 3005 statuerent
631 2955 911 3006 Senatores
964 2957 1077 3020 ipse
1131 2956 1356 3007 firmavit

299 3038 500 3094 auctor,
540 3039 597 3082 et
642 3033 895 3096 compulit
934 3033 1270 3098 traduxitque
1303 3034 1354 3083 in

298 3106 622 3160 utilissimam
644 3108 986 3171 Reipublieae,
1008 3109 1240 3172 quamvis
1259 3108 1356 3158 sibi

297 3197 508 3247 gravem
544 3185 873 3235 sententiam.
942 3184 1053 3234 Cie.
1090 3182 1245 3234 Offic.
1268 3197 1355 3233 nr.

298 3263 451 3308 moo-
490 3259 506 3286 ‘
530 3260 662 3310 Cum
687 3260 931 3323 Regulus,
951 3259 1138 3308 iterum
1161 3258 1354 3308 Consul

297 3336 350 3382 in
375 3334 556 3385 Africa
583 3350 650 3385 ex
680 3334 878 3384 insidiis
899 3342 1084 3398 eaptus
1106 3339 1259 3390 esset,
1276 3367 1290 3383 .
1308 3367 1322 3383 .
1340 3368 1354 3384 .

288 3411 494 3473 juratus
534 3411 710 3459 missus
746 3416 826 3459 est
864 3410 929 3459 ad
972 3410 1241 3470 Senatum,
1278 3417 1355 3470 ut,

298 3485 398 3533 nisi
422 3484 614 3533 redditi
638 3492 813 3534 essent
849 3484 1022 3533 Ptenis
1045 3483 1243 3546 captivi
1264 3496 1355 3532 no-

301 3559 431 3608 biles
455 3559 683 3623 quidam,
712 3558 906 3609 rediret
941 3559 1051 3622 ipse
1080 3558 1354 3623 Cartbagi-

300 3648 437 3685 nem.
493 3634 546 3684 1s
569 3648 686 3683 eum
709 3634 922 3684 Romam
945 3634 1189 3690 venisset,
1204 3667 1277 3683 ...
1301 3635 1353 3683 in

297 3711 547 3761 Senatum
588 3710 767 3759 venit:
804 3709 1045 3758 mandata
1080 3708 1351 3771 exposuit:

299 3787 613 3836 sententiam
669 3800 735 3835 ne
793 3785 1009 3846 diceret,
1062 3784 1352 3835 recusavit:

302 3861 544 3926 quamdiu
554 3860 894 3925 jurejurando
911 3859 1133 3910 hostium
1152 3867 1354 3910 tenere·

304 3945 407 3999 tur,
420 3952 521 3986 non
546 3951 660 3987 esse
681 3951 738 3985 se
760 3937 1060 3986 senatorem
1075 3952 1092 3985 ι
1107 3968 1122 3984 .
1139 3969 1152 3985 .
1171 3970 1185 3984 .
1204 3935 1353 3985 reddi

301 4013 535 4075 captivos
588 4012 796 4076 negavit
843 4025 957 4060 esse
1012 4010 1138 4060 utile
1165 4025 1179 4058 ε
1237 4011 1354 4061 illos

300 4087 436 4137 enim
470 4087 828 4137 adolescentes
860 4099 975 4135 esse
1006 4093 1061 4135 et
1083 4085 1240 4135 bonos
1264 4085 1355 4135 du·

301 4177 417 4222 ces3
434 4176 549 4213 esse
565 4164 736 4226 sejam
755 4161 1048 4212 confectum
1065 4168 1353 4212 senectute.

304 4236 468 4302 Cujus
489 4253 605 4291 eum
639 4239 882 4290 valuisset
910 4238 1207 4301 auctoritas,
1230 4251 1354 4301 cap·

1441 1600 1535 1650 tivi
1576 1604 1760 1651 retenti
1805 1608 1952 1651 sunt:
1989 1601 2101 1665 ipse
2134 1600 2497 1662 Carthaginem

1440 1676 1634 1726 rediit.'
1657 1711 1672 1726 .
1695 1710 1709 1725 .
1734 1711 1748 1726 .
1773 1711 1788 1726 .
1812 1692 1862 1725 n.
1886 1681 1995 1725 110.
2027 1676 2044 1703 ⁸
2065 1675 2280 1726 Senatui
2304 1675 2403 1724 nisi
2419 1677 2498 1738 ip-

1437 1764 1493 1799 se
1535 1759 1718 1800 auctor
1770 1750 1975 1812 fuisset,
2018 1750 2219 1815 captivi
2260 1747 2496 1812 profecto

1440 1825 1617 1876 Poeuis
1662 1826 1853 1875 redditi
1894 1832 2085 1887 essent,
2131 1824 2399 1874 incolumis
2445 1826 2497 1874 iu

1442 1901 1615 1963 patria
1640 1901 1864 1963 Regulus
1887 1897 2201 1948 restitisset.’

1509 1974 1717 2023 Consilio
1739 1988 1974 2038 nunquam
1987 1974 2111 2023 alius
2131 1973 2266 2037 dato]
2289 1972 2353 2023 In
2377 1987 2495 2036 pro·

1440 2050 1605 2113 priam
1651 2064 1839 2113 nempe
1876 2050 1952 2100 sui
1996 2049 2298 2113 perniciem,
2337 2049 2496 2098 solius

1441 2125 1683 2175 utilitatis
1709 2126 1932 2188 publica
1951 2125 2128 2174 babita
2147 2125 2348 2174 ratione
2370 2142 2384 2173 t
2410 2125 2497 2188 pia

1440 2202 1594 2250 etiam
1617 2199 1803 2251 fraude
1828 2214 1966 2261 usus,
1998 2209 2054 2250 ut
2083 2215 2260 2265 pacem
2294 2208 2350 2250 et
2368 2216 2494 2264 eap-

1442 2276 1663 2326 tivorum
1699 2276 2129 2338 permutationem
2152 2274 2497 2327 dissuaderet.

1443 2344 1580 2400 Nam
1613 2347 1887 2399 affirmavit
1927 2356 1942 2378 ⁸
1962 2363 2216 2399 venenum
2250 2351 2348 2400 sibi
2373 2351 2498 2400 Car·

1437 2425 1766 2490 thagiuenses
1803 2424 2031 2482 dedisse,
2070 2422 2173 2475 uon
2213 2434 2490 2487 praesenta-

1436 2514 1610 2563 neum,
1629 2501 1720 2551 sed
1740 2501 2009 2564 ejusmodi,
2029 2499 2167 2565 quod
2199 2509 2416 2551 mortem
2442 2506 2491 2552 in

1433 2574 1569 2625 diem
1594 2574 1891 2640 proferrem
1930 2590 1993 2626 eo
2015 2577 2250 2636 consilio,
2272 2586 2331 2626 ut
2355 2579 2495 2629 vive·

1432 2659 1514 2700 ret
1559 2650 1767 2714 quidem
1812 2651 2091 2714 tantisper,
2127 2651 2297 2716 quoad
2341 2650 2494 2702 fieret

1434 2728 1780 2791 permutatio:
1833 2735 1952 2790 post
1994 2734 2188 2789 autem,
2224 2738 2491 2791 grassante

1435 2802 1623 2851 sensim
1648 2816 1863 2863 veneno,
1896 2816 1985 2851 eor
2010 2802 2338 2852 tabesceret?
2364 2803 2494 2853 ‘Gel-

1436 2878 1534 2927 lius
1560 2885 1743 2928 auctor
1768 2886 1850 2928 est
1873 2892 1950 2927 vr.
1971 2884 2024 2929 4.

1499 2957 1564 3002 48
1601 2953 1842 3017 Egregius
1860 2959 2134 3018 properaret
2154 2953 2288 3017 exal]
2330 2955 2492 3018 Egre-

1436 3030 1548 3093 gius
1570 3045 1694 3080 saue
1727 3037 1783 3079 et
1815 3030 2090 3093 singularis
2124 3031 2263 3085 exul,
2289 3031 2375 3094 qui
2400 3044 2491 3093 pa-

1436 3106 1536 3154 tria
1557 3119 1736 3155 carere
1758 3106 2103 3168 consenserit,
2142 3106 2377 3155 caritatis
2401 3121 2492 3169 pa-

1436 3180 1550 3228 trias
1586 3180 1769 3243 gratia,
1803 3181 1991 3246 quique
2025 3182 2162 3232 ultro
2195 3196 2288 3230 sua
2320 3183 2493 3232 omnia

1434 3254 1721 3316 desereret,
1740 3255 1922 3305 salutis
1944 3256 2163 3320 publicar
2187 3272 2360 3307 caiisa.
2408 3257 2488 3306 Ad

1434 3331 1579 3394 eujus
1618 3331 1910 3394 exemplum
1946 3332 2148 3381 illustre
2182 3341 2360 3395 postea
2400 3334 2489 3382 de·

1433 3422 1546 3457 cem
1564 3408 1866 3458 nobilissimi
1887 3409 2081 3472 captivi
2105 3409 2168 3459 ab
2195 3409 2490 3459 Hannibale

1434 3482 1497 3531 ad
1534 3483 1781 3533 Senatum
1815 3483 1977 3543 missi,
2010 3491 2130 3547 post
2167 3483 2489 3534 Cannensem

1435 3573 1681 3622 pugnam,
1705 3558 1873 3622 jurati
1906 3572 1964 3607 se
1998 3557 2277 3615 redituros,
2304 3558 2398 3607 nisi
2423 3558 2488 3607 de

1434 3634 1747 3686 redimendis
1794 3634 2011 3697 captivis
2048 3632 2494 3696 impetravissent,

1434 3726 1492 3762 re
1512 3725 1616 3761 non
1639 3711 1936 3773 impetrata,
1970 3707 2164 3758 reversi
2197 3714 2335 3758 suut.
2402 3709 2487 3760 De

1434 3787 1618 3851 quibus
1652 3798 1754 3834 uon
1788 3796 1960 3832 omnes
1992 3797 2094 3833 uno
2116 3782 2285 3834 modo.
2350 3783 2488 3834 Nam

1435 3860 1687 3925 Polybius
1709 3859 1867 3909 bonus
1889 3865 2069 3908 auctor
2090 3858 2140 3907 in
2164 3858 2341 3922 primis
2363 3860 2488 3909 seri·

1435 3935 1533 3996 bit,
1566 3948 1752 3985 novem
1792 3947 1858 3982 ex
1891 3932 1952 3982 iis
1992 3933 2294 3982 revertisse:
2332 3946 2487 3981 unum

1436 4025 1560 4059 vero
1584 4024 1679 4074 per
1703 4008 1935 4058 fraudem
1971 4015 2024 4058 et
2056 4007 2265 4057 stultam
2290 4007 2489 4056 eallidi-

1434 4092 1598 4135 tatem
1649 4084 1795 4149 quasi
1841 4082 2174 4148 jurejurando
2210 4083 2485 4133 liberatum

1434 4161 1611 4211 Romre
1637 4161 1972 4210 remansisse:
2016 4173 2167 4222 quem
2188 4158 2374 4209 deinde
2394 4161 2487 4209 Se·

1434 4244 1587 4287 natus
1622 4236 1851 4287 vinctum
1883 4234 1947 4286 ad
1988 4234 2331 4286 Hannibalem
2363 4233 2487 4288 duci
