3050 4875
930 999 936 1004 ,
1030 880 1899 965 SERElesmo

616 1149 2298 1267 DELPH-INO.

347 1706 647 1795 Enseu
711 1730 970 1807 dextra,
1026 1730 1205 1795 laeva
1259 1729 1505 1794 librum
1567 1737 1796 1798 tenens
1852 1728 2080 1795 Julius
2139 1723 2255 1796 ille
2325 1727 2548 1798 Divus

345 1831 689 1915 quondam
720 1832 792 1896 in
834 1829 1232 1896 numismate
1260 1830 1477 1896 voluit
1508 1822 1754 1913 effingi,
1782 1849 1934 1897 cum
1962 1834 2087 1899 hac
2120 1833 2547 1919 Epigraphe:

343 1931 464 1998 Ex
500 1945 863 2011 mutoque
896 1932 1194 1999 CAESAR.
1255 1932 1374 1998 Sic
1396 1932 1626 1999 Roma
1649 1954 1847 2000 suum
1879 1934 2359 2020 Imperatorem
2389 1936 2551 2001 doc·

339 2043 484 2099 tum
515 2054 712 2119 aeque
740 2042 812 2100 et
831 2033 1228 2102 bellicosum
1258 2035 1425 2099 ultro
1454 2041 1764 2101 venerata
1789 2044 1914 2103 est.

429 2137 559 2215 Te,
590 2137 1110 2203 Sennnrssms
1152 2136 1560 2215 Peraeam,
1592 2137 1842 2225 Gallia,
1873 2133 2142 2224 Europa
2183 2143 2349 2218 tota,
2397 2141 2548 2223 pari

345 2239 578 2322 elogio
619 2238 1002 2305 decoratum
1047 2237 1342 2319 salutat3
1385 2257 1586 2323 quem
1636 2245 1705 2305 et
1755 2239 2057 2305 Minerva
2105 2241 2251 2306 suis
2297 2242 2551 2306 artibus

340 2342 654 2425 impense
685 2342 1015 2421 excoluit,
1061 2347 1131 2408 et
1174 2341 1444 2407 militari
1490 2341 1704 2424 gloria
1732 2342 2041 2409 certatim
2071 2349 2362 2412 exornat
2395 2343 2553 2409 Pal-

340 2443 495 2526 las;
539 2451 825 2529 utraque
856 2444 1083 2511 lauros
1115 2451 1356 2529 sponte
1388 2444 1696 2509 affundit.

358 2582 369 2599 ‹
434 2545 897 2631 Obstupescat
937 2565 1102 2612 sane
1151 2544 1534 2626 Germania,
1581 2547 1651 2611 in
1700 2562 1901 2631 quam
1945 2544 2164 2631 prima
2222 2562 2552 2614 armorum

341 2656 612 2714 tuorum
642 2648 918 2737 fulmina
947 2646 1409 2729 detonuerunt,
1442 2655 1633 2713 tanto
1662 2647 1927 2733 quidem
1949 2649 2242 2732 fragore,
2275 2656 2347 2714 ut
2375 2657 2552 2715 totus

344 2750 571 2816 adhuc
600 2748 882 2816 Rhenus
929 2750 1419 2827 contremiscat,
1450 2747 1705 2834 Aquila
1749 2769 1907 2816 vero
1934 2766 2193 2835 pavens
2220 2750 2404 2816 haud
2436 2770 2553 2816 vo-

342 2853 561 2919 latum
619 2857 884 2919 tentare
932 2852 1146 2933 ausit3
1208 2851 1412 2916 immo
1462 2853 1682 2920 lucem
1735 2864 1819 2918 ac
1864 2852 2083 2918 solem
2144 2853 2394 2917 exinde
2451 2872 2556 2919 re-

342 2952 579 3037 fugIat.
788 3008 797 3016 .

434 3055 621 3121 Hinc
664 3056 934 3121 attoniti
977 3054 1297 3121 mirentur
1337 3055 1573 3121 hostes
1616 3055 2240 3141 Philippoburgum,
2272 3051 2558 3140 Mogun.

344 3159 539 3234 tiam,
565 3164 673 3224 tot
716 3158 890 3223 alias
930 3160 1136 3225 urbes
1156 3244 1160 3249 ,
1183 3178 1509 3244 arcesque
1566 3162 1778 3244 probe
1826 3161 2114 3226 munitas
2161 3160 2351 3226 brevi
2393 3165 2557 3227 tem-

343 3261 534 3344 poris
595 3260 942 3327 intervallo
1002 3267 1069 3326 et
1120 3278 1331 3349 parvo
1384 3271 1636 3358 conatu
1691 3268 1924 3347 raptas
1975 3269 2041 3329 et
2089 3270 2553 3348 expugnatas:

346 3364 508 3449 quin
538 3369 609 3429 et
635 3364 896 3450 hyemis
941 3371 1012 3431 et
1058 3362 1380 3450 paludum
1430 3372 1497 3432 et
1545 3364 1899 3431 fluviorum
1952 3365 2373 3431 difficultates
2411 3371 2552 3430 tam

342 3455 551 3531 facile
578 3467 822 3532 victas.
904 3465 1049 3532 vix
1080 3475 1263 3533 certe
1293 3469 1648 3554 quisquam
1678 3475 2094 3553 posterorum
2144 3467 2381 3532 credat
2404 3466 2553 3532 haee

342 3586 498 3633 esse
556 3569 811 3639 militiae
868 3569 1241 3636 rudimenta
1305 3571 1662 3650 duntaxat,
1721 3576 1787 3636 et
1853 3571 2182 3657 quasdam
2240 3569 2425 3636 velut
2481 3569 2552 3634 in

341 3688 594 3754 campo
645 3669 898 3737 Martio
944 3671 1387 3756 prolusiones.

434 3770 625 3851 Quid
684 3786 843 3839 vero
901 3774 1082 3859 quod
1145 3774 1358 3841 altera
1417 3774 1854 3859 expeditione
1904 3775 2555 3860 circumglomeratas

338 3875 654 3960 improbe
701 3876 1178 3943 foederatorum
1239 3875 1478 3961 copias
1537 3877 1639 3941 sic
1696 3876 1942 3943 Galliae
1995 3878 2238 3943 finibus
2280 3878 2555 3963 propul-

336 3977 541 4057 sasti,
584 3985 681 4057 ut,
708 3978 989 4046 hostiles
1031 3980 1233 4047 etiam
1273 3979 1574 4062 regiones
1612 3988 1963 4064 appetens,
2002 3981 2290 4065 propriis
2329 4000 2554 4046 eorum

337 4081 836 4146 commeatibus
893 4080 1277 4166 opibusque
1327 4080 1697 4147 exereitum
1746 4089 1934 4146 tuum
1985 4081 2251 4146 abunde
2292 4089 2556 4149 susten·

334 4183 511 4250 tatis
554 4183 925 4269 ditatisque
958 4202 1131 4249 anno
1168 4183 1307 4250 fere
1356 4185 1653 4267 integi-03
1697 4185 1892 4270 ipsos
1927 4188 2145 4251 autem
2187 4183 2364 4251 fame
2391 4202 2556 4250 eon·

474 4298 655 4364 nem.
690 4305 739 4351 ee
766 4302 886 4353 var.
907 4302 1040 4353 ctu.
1391 4290 1573 4352 Eme.
1951 4282 1956 4288 ’
2370 4300 2419 4351 Α
