3050 4875
1071 397 1345 450 unrnA
1381 400 1859 454 nonArunA.
2469 394 2558 459 55

364 557 465 599 sex
494 549 796 619 septemve
823 548 1171 619 temporum.
1255 541 1407 603 Bina
1459 542 1977 628 Hendecasyllaba
2023 547 2270 611 ducunt.
2358 550 2556 611 Enne-

364 633 673 695 emimeres
702 635 962 696 lambica
988 635 1277 716 sequitur.

451 729 549 792 15.
592 730 895 791 Alcaicum
954 731 1416 813 Decasyllabum
1470 734 1636 813 cogit
1689 753 1926 816 agmen.
2031 737 2248 799 Hanc
2264 739 2555 801 Carminis

363 826 830 907 complexionem
862 827 1192 889 Horatius
1176 830 1440 910 inprimis
1464 827 1806 892 celebravit.

451 923 547 981 16.
589 921 953 983 Phaloecium
1008 924 1477 1004 Autispasticum
1532 926 1976 988 Tetrametrum.
2059 927 2237 988 Ratio
2285 946 2390 989 cur
2438 930 2554 991 hoc

372 1017 607 1078 nomine
630 1018 986 1098 insigniatur
1023 1029 1117 1080 est
1161 1012 1234 1081 ex
1277 1022 1550 1083 Canone.
1593 1021 1880 1102 Epitritus
1906 1026 1968 1083 4.
2003 1007 2342 1104 Ἀιιῑὶεραεῑ.
2382 1025 2556 1085 Anti-

272 1102 279 1107 ’
367 1123 557 1194 spast.
589 1114 917 1175 Diiambus.
974 1115 1105 1177 Nos
1132 1126 1328 1178 autem
1355 1117 1420 1178 id
1445 1119 1674 1198 agimus
1701 1127 1789 1191 ut,
1815 1117 1979 1198 quod
2005 1119 2129 1178 fieri
2155 1128 2373 1199 potest,
2399 1121 2555 1182 intra

364 1208 704 1288 trisyllabos
727 1209 911 1290 pedes
941 1211 1333 1274 subsistamus
1358 1232 1375 1282 ς
1406 1233 1590 1294 quare
1615 1233 1850 1275 versum
1892 1215 2555 1296 Heccaedecasyllabum

362 1324 473 1385 per
499 1304 651 1365 duas
681 1306 959 1367 Caesuras
990 1306 1459 1370 Penthemimere
1497 1320 1558 1370 et
1597 1310 1969 1371 Triemimere
2007 1313 2320 1390 carpimus,
2363 1312 2553 1374 donec

363 1401 424 1458 in
454 1399 635 1460 Basin
667 1399 1039 1480 Dactylicam
1067 1401 1420 1482 deponatur.
1455 1422 1499 1462 1.
1532 1402 1651 1463 Od.
1687 1407 1779 1464 ll.
1810 1423 1906 1466 xv.
1937 1404 2056 1467 Od.
2090 1408 2183 1465 10.

454 1498 551 1556 17.
621 1495 925 1557 Alcaicum
982 1496 1077 1558 vel
1131 1498 1590 1560 Anacreontium
1659 1499 1985 1560 Dimetrum
2043 1499 2552 1586 Heptasyllabum.

366 1592 802 1672 Quodcumque
838 1599 1087 1651 metrum
1114 1603 1353 1653 constat
1378 1613 1452 1654 ex
1483 1594 1752 1674 Dactylis
1792 1604 1853 1654 et
1882 1594 2205 1667 Trochoeis‚
2247 1595 2557 1676 Logamdi-
2597 1675 2602 1678 -

365 1706 503 1761 con,
531 1687 592 1747 id
620 1697 735 1760 est,
767 1685 1204 1748 Prosometrum
1249 1687 1614 1770 appellatnr;
1672 1707 1744 1749 eo
1792 1689 2061 1750 fortassis
2104 1689 2265 1769 quod
2312 1681 2555 1754 Asiatici

368 1782 650 1843 Oratores
676 1784 875 1842 orbem
905 1783 1205 1843 verborum
1236 1783 1582 1844 Ditrochoeo
1609 1783 1859 1860 libenter
1880 1783 2273 1856 claudebantz
2304 1786 2452 1848 alias
2480 1807 2556 1858 ex,

368 1878 724 1939 choriambo
748 1886 811 1937 et
838 1876 1118 1938 Bacchio.
1153 1896 1201 1938 1.
1233 1876 1353 1938 Od.
1385 1881 1444 1938 8.

452 1976 546 2033 18.
588 1970 943 2052 Sapphicum
988 1970 1536 2050 Hephthemimercs
1590 1991 1723 2033 cum
1768 1974 2136 2052 supraposito
2165 1974 2406 2036 Alcaico
2449 1977 2554 2035 Di·

364 2079 575 2131 metro.
659 2066 937 2147 Superior
962 2086 1168 2127 versus
1195 2085 1331 2128 cum
1358 2067 1475 2127 hoc
1503 2068 1590 2128 sic
1618 2066 1996 2147 conjungitur
2024 2069 2181 2148 apud
2219 2070 2551 2131 Horatium.

366 2163 577 2224 Verior
600 2159 881 2222 metiendi
908 2163 1057 2222 ratio
1085 2172 1176 2222 est
1210 2181 1313 2241 per
1355 2161 1690 2241 Epitritum,
1732 2162 1827 2222 vel
1874 2162 2157 2245 Hippium
2206 2165 2558 2253 secundum,

366 2259 520 2320 duos
550 2257 960 2330 choriambos,
988 2268 1050 2319 et
1077 2257 1417 2319 Bacchium.
1501 2257 1805 2330 Alcaicum
1835 2257 2555 2342 Pentecaedecasyllabum

369 2353 605 2415 dicitur.
636 2374 687 2414 r.
716 2350 835 2415 Od.
867 2355 926 2411 8.

450 2452 546 2510 19.
593 2450 858 2510 Ionicum
906 2466 943 2507 a
984 2446 1191 2508 minori
1234 2446 1699 2527 'Prii-rhythmum
1743 2449 2151 2510 Acatalectum
2197 2450 2349 2511 binis
2394 2450 2553 2511 Trit-

367 2545 656 2626 rhythmis
685 2542 1055 2635 subjungitur
1078 2540 1644 2621 Tetrarrhythmum.
1672 2560 1780 2602 111.
1810 2542 1924 2602 Od.
1958 2545 2052 2603 12.

449 2645 552 2701 20.
591 2638 1029 2709 Archilochium
1069 2637 1461 2718 compositum
1490 2656 1563 2699 ex
1588 2636 1768 2697 Tome
1791 2636 2093 2711 Bucolica,
2121 2638 2282 2718 quod
2312 2650 2406 2700 est
2444 2640 2555 2702 Te-

366 2746 708 2799 trametrum
762 2732 1158 2814 Dactylicum,
1217 2742 1279 2793 et
1316 2731 1646 2805 Trochaico
1696 2731 1962 2794 Dimetro
2010 2732 2554 2813 Brachycatalecto,

368 2832 530 2913 quod
558 2829 1013 2911 Ithyphallicum
1031 2827 1277 2897 dicitur.
1349 2828 1690 2908 Subjectum
1712 2827 1822 2888 sibi
1845 2828 2022 2890 habet
2043 2827 2309 2890 Iambum
2334 2829 2556 2889 Trime-

281 2909 294 2921 ⁶
367 2942 523 2989 trum
552 2925 999 2987 Catalecticum.
1033 2943 1080 2985 1.
1111 2923 1233 2984 Od.
1262 2928 1323 2984 4.

455 3024 556 3082 21.
600 3019 1039 3082 Archilochium
1066 3020 1457 3099 compositum
1484 3040 1558 3081 ex
1587 3020 2060 3081 Penthemimeri
2071 3021 2276 3098 Epico‚
2321 3030 2383 3079 et
2403 3020 2557 3079 lam-

368 3120 503 3178 bico
560 3117 845 3178 Dimetro.
926 3112 1259 3176 Observatu
1312 3114 1557 3195 dignum
1603 3108 1974 3193 Metra‘quae
2023 3114 2346 3193 Dactylicis
2409 3114 2557 3173 lam-

368 3217 478 3273 bos
504 3222 832 3293 apponunt,
858 3210 1336 3290 Encomiologica
1374 3211 1507 3271 dici.
1593 3209 1976 3289 Postponitur
2007 3209 2208 3269 lambo
2246 3208 2558 3287 Trimetrofl

371 3309 755 3388 Elegiambus
782 3306 1134 3387 appellatus.
1167 3306 1481 3385 Epod.x1.

449 3407 552 3465 22.
592 3402 1028 3464 Archilochium
1060 3401 1450 3481 compositum
1480 3421 1552 3463 ex
1582 3402 1840 3462 Iambico
1884 3401 2150 3461 Dimetro
2190 3410 2252 3459 et
2297 3398 2564 3460 Penthe-

366 3500 595 3562 mimeri
622 3500 829 3579 Epico.
899 3499 1174 3577 Sequitur
1203 3499 1644 3560 Hexametrum.
1717 3498 2103 3578 lambelegos.
2135 3496 2326 3576 Epod.
2355 3515 2513 3556 xur.
