3050 4875
504 382 637 447 236

1228 395 1296 455 Q.
1347 393 1666 443 noltA'rn
1719 395 1990 444 vescor

1500 536 1554 587 N
1559 533 1717 587 0¹1*AE

505 635 613 685 Dio
635 634 728 685 cit.
753 633 845 684 lib.
877 646 948 684 u.
979 633 1057 684 ita
1089 633 1299 683 scribit=
1333 633 1349 660 ‘
1372 635 1567 686 Tantas

503 710 644 758 inter
660 709 982 759 calamitates
1007 709 1149 773 regni
1167 708 1467 759 memoriam
1484 723 1566 759 re·

506 784 727 848 tinebat,
772 792 831 834 ut
863 785 1042 836 mallet
1079 785 1284 835 nomine
1326 791 1382 833 et
1416 798 1568 835 orna·

504 861 694 911 mentis
715 862 830 925 ejus
853 861 1073 911 retentis
1099 862 1438 927 mori,quam,
1460 862 1567 925 pri-

506 941 642 999 vata,
671 935 779 986 vita
811 934 948 987 frui!
1016 936 1160 986 Nihil
1197 936 1369 1002 itaque
1404 938 1567 1001 magis

506 1013 788 1077 Cleopatra
831 1012 1163 1078 formidabat,
1201 1028 1351 1078 quam
1386 1014 1568 1063 trium·

506 1090 673 1154 phari,
697 1089 932 1139 invidens
972 1088 1208 1153 Augusto
1247 1090 1389 1138 illum
1415 1103 1569 1153 quem

507 1171 783 1228 tantopere
839 1163 1115 1214 anhelabat
1152 1165 1419 1226 honorem,
1463 1164 1572 1213 vic-

1647 644 1754 685 tam
1777 641 1833 685 et
1858 635 2082 684 vinctam
2106 633 2310 684 scilicet
2343 634 2591 697 Reginam
2617 647 2714 697 per

1646 711 1827 760 urbem
1866 709 2175 774 Italiamque
2210 707 2628 759 circumducendi
2656 708 2710 758 in

1647 801 1739 836 sno
1763 786 2041 849 triumpho.
2069 784 2209 834 Hinc
2232 785 2396 847 aiunt,
2419 800 2534 835 cum
2554 793 2714 849 capta

1647 861 1715 911 ab
1739 860 1977 926 Augusto
2013 860 2319 911 clementius
2350 860 2417 910 de
2455 860 2713 910 industria

1651 945 1987 1001 tractaretur,
2011 951 2112 1001 qua
2135 949 2257 987 vero
2279 943 2448 986 mente
2467 941 2521 984 et
2541 936 2712 984 consi·

1650 1013 1719 1063 lio
1743 1013 1872 1063 satie
1894 1012 2235 1076 intelligeret,
2271 1013 2449 1064 dicere
2471 1013 2673 1061 solitam
2692 1027 2709 1060 z

1652 1093 1667 1116 ‘
1686 1087 1806 1139 Non
1831 1086 2221 1152 triumphabor!

1228 1370 1427 1436 ODE
1497 1369 1964 1437 XXXVIII.

1310 1491 1415 1571 Ab
1465 1524 1928 1573 mms'rnum.

981 1656 1258 1706 Sumtnosa
1279 1655 1520 1705 convivia
1547 1655 1769 1706 Horatio
1792 1656 1956 1704 minus
1973 1654 2225 1705 arrident.

764 1755 1138 1834 Pmtslcbs
1171 1767 1310 1846 odi,
1337 1787 1529 1851 puer,
1557 1774 1926 1851 apparatus
1957 1788 1975 1847 3

670 1938 681 1949 ,
767 1869 1147 1952 Displicent
1171 1887 1370 1934 nexae
1399 1868 1659 1952 philyra
1689 1886 1959 1933 coronae
1986 1890 2004 1933 :

579 2040 625 2088 Ο
651 2041 862 2107 Famula,
881 2059 1070 2095 «verm
1091 2045 1348 2095 Persarum
1366 2049 1566 2094 samaa.

1641 2044 1749 2093 Non
1778 2044 1968 2108 placeat
2000 2047 2184 2096 corolla
2218 2044 2410 2110 philyra
2439 2044 2709 2106 colligate.-

1426 2171 1666 2193 ΜΝ
1670 2171 1785 2192 ΜΝ

574 2247 693 2297 Ode
712 2249 913 2302 decima
940 2254 1082 2304 Libri
1100 2255 1312 2305 secundi
1337 2255 1388 2305 iu
1411 2269 1614 2306 recens.
1634 2255 1947 2306 Sanad.—l.
1972 2259 2002 2303 5
2022 2254 2287 2305 Marcilius
2310 2256 2386 2305 ita
2412 2253 2708 2320 distinguit:

1513 2386 1565 2437 N
1571 2384 1736 2437 0⁹1·AE

574 2476 799 2528 Metram
822 2478 960 2529 idem
983 2481 1121 2545 qnod
1146 2481 1254 2532 od.
1275 2495 1341 2534 ιι.

575 2557 601 2602 1
640 2553 860 2604 Persicos
872 2556 967 2614 odi,
981 2571 1117 2621 puer,
1134 2557 1413 2622 apparatu]
1436 2558 1567 2608 Per-

509 2644 680 2679 sarum
711 2631 862 2679 luxus
896 2635 1080 2696 passim
1115 2632 1340 2685 famosus
1365 2649 1431 2683 ex
1455 2634 1567 2684 He-

509 2705 712 2768 rodoto,
760 2706 1129 2772 Xenophonte,
1172 2710 1364 2767 Plinio.
1406 2708 1570 2759 Athe·

508 2792 640 2829 nno.
709 2780 794 2830 Illi
834 2795 1024 2846 nempe
1074 2799 1196 2833 vaaa
1245 2785 1471 2848 pretiosa
1514 2785 1568 2835 in

508 2855 779 2917 conviviis,
816 2859 980 2910 lectos
1015 2861 1173 2911 etiam
1201 2860 1568 2912 discubitet-ios

511 2946 694 2982 aureos
718 2941 773 2983 et
795 2949 1053 2998 gemmeo·
1076 2939 1432 3003 requirebant.
1465 2938 1567 2988 Pa·

508 3015 587 3058 tet
607 3023 673 3059 ex
700 3009 956 3062 Herodot.
991 3013 1084 3064 lib.
1124 3028 1202 3065 rx.
1232 3022 1492 3077 unguenta
1515 3022 1571 3065 et

508 3083 694 3136 odores
730 3088 993 3139 amabant.
1056 3090 1227 3141 Testis
1262 3090 1400 3141 Plin.
1440 3103 1569 3143 xm,

509 3165 555 3210 l.
597 3160 813 3213 obsonia
848 3166 1128 3230 exquisita,
1174 3166 1431 3231 tibicines,
1475 3167 1570 3216 mi—

508 3237 696 3286 nistros
747 3241 1037 3291 succinctos
1088 3242 1423 3293 adhibebant.
1487 3243 1569 3292 Ex

509 3312 772 3364 Plutarch.
813 3329 961 3365 nom
1017 3318 1234 3381 alicujus
1284 3317 1570 3381 voluptatis

506 3388 861 3439 inventoribus
885 3393 1098 3454 praemia
1128 3393 1345 3443 dabant.
1389 3394 1569 3443 Valer.

509 3463 724 3514 Maxim.
758 3477 839 3515 rx.
863 3469 909 3514 l.
960 3467 1089 3516 cml.
1120 3467 1342 3531 Rhodig.
1365 3480 1495 3518 vni.
1516 3473 1570 3519 2.

507 3542 605 3589 dcc.
637 3540 653 3568 ⁸
675 3540 851 3590 Peren
889 3547 947 3591 et
984 3542 1131 3592 Medi
1164 3542 1389 3592 omnium
1409 3543 1570 3592 homi·

508 3628 627 3664 nam
658 3616 878 3665 maxime
904 3618 1231 3681 voluptatem
1260 3631 1322 3667 ac
1355 3616 1570 3668 delicias

516 3690 749 3742 colerez'
792 3699 851 3742 et
890 3694 1044 3758 paulo
1090 3702 1237 3759 post:
1286 3695 1302 3722 ‘
1328 3693 1571 3745 Omnium

514 3767 667 3829 primi
712 3770 837 3819 luxu
875 3768 1111 3821 celebres
1162 3769 1323 3822 fuisse
1362 3769 1575 3835 Peraoe,'

516 3842 812 3894 referuntur
854 3848 922 3895 ab
956 3847 1145 3897 Atheu-
1178 3860 1282 3897 ιιι.
1317 3852 1365 3897 1.
1399 3854 1455 3897 et
1491 3860 1571 3898 lv·

514 3920 591 3967 1⁰.
627 3919 707 3967 Ex
723 3919 1109 3980 Theophrasto:
1135 3923 1151 3949 ⁸
1173 3921 1450 3971 Persarum
1468 3922 1572 3972 Re·

516 4005 605 4053 gea
628 3993 752 4042 luxu
784 3991 1083 4044 effeminati
1118 3996 1381 4059 ingentem
1413 4011 1569 4061 pecn-

515 4066 614 4115 uin
634 4082 884 4120 summam
921 4084 1016 4134 per
1052 4083 1347 4133 preconem
1381 4072 1443 4120 iia
1466 4072 1573 4135 pol·

510 4140 751 4201 licentur,
773 4147 860 4209 qui
881 4160 1068 4196 novum
1090 4146 1374 4211 voluptatis
1406 4162 1569 4211 genus

512 4217 907 4287 excogitan-inte,
966 4220 1108 4272 Item
1163 4235 1231 4272 ex
1284 4221 1571 4275 Heraclide

1645 2482 1877 2534 Cumano
1898 2497 1912 2531 ε
1948 2483 1966 2512 ⁸
1984 2482 2090 2535 Qui
2114 2483 2341 2533 coenanti
2360 2480 2496 2545 Regi
2522 2480 2712 2531 Persa·

1645 2571 1758 2607 rum
1781 2559 2090 2621 ministrant,
2130 2560 2223 2608 loti
2261 2572 2460 2619 omnes,
2481 2557 2711 2620 pulchris

1645 2636 1816 2686 induti
1840 2636 2069 2687 vestibus
2089 2635 2358 2697 assistunt,
2380 2649 2441 2685 ac
2463 2634 2566 2682 diei
2593 2647 2711 2697 par·

1648 2717 1704 2761 te
1747 2711 1958 2761 dimidia
2001 2712 2142 2762 circa
2179 2725 2341 2760 coenae
2394 2715 2710 2772 apparatum

1647 2787 2007 2852 occupantur!
2050 2787 2291 2852 Denique
2308 2800 2376 2836 ex
2393 2785 2713 2849 Xenophon·

1650 2869 1705 2911 te
1745 2862 1796 2910 in
1841 2860 2103 2925 Agesilao,
2145 2861 2242 2911 sub
2285 2859 2466 2910 finem:
2508 2860 2524 2887 ‘
2549 2858 2711 2924 Apud

1649 2938 1837 2988 Persas
1858 2945 1977 2988 sunt
1996 2938 2085 3003 qui
2104 2944 2267 2987 totum
2291 2937 2467 2987 orbem
2491 2938 2713 2986 circum·

1648 3020 1773 3064 eant
1810 3014 2149 3079 queritantes
2179 3013 2301 3077 qnid
2325 3013 2457 3077 Regi
2485 3013 2553 3061 sit
2582 3019 2712 3075 pota

1650 3090 2037 3153 gratissimum3
2075 3089 2163 3138 alii
2198 3088 2420 3138 solerter
2442 3087 2711 3152 inquirunt

1649 3163 1773 3230 quid
1797 3165 2023 3215 libenter
2061 3163 2206 3221 edat,
2243 3164 2330 3214 ubi
2368 3170 2423 3213 et
2454 3163 2713 3228 quomodo

1647 3241 1881 3290 suaviter
1903 3239 2143 3290 dormiat.
2212 3239 2403 3304 Neque
2435 3245 2517 3288 est
2550 3236 2709 3287 facile

1648 3315 1818 3376 dictu,
1841 3330 1995 3381 quam
2016 3314 2169 3365 auxie
2192 3313 2323 3364 talia
2343 3312 2664 3378 procurent.’

1713 3398 1747 3443 2
1779 3392 2049 3456 Displicent
2090 3405 2228 3441 aaa
2270 3390 2460 3454 philyra
2499 3388 2706 3453 omae]

1650 3469 1935 3520 wonatos
1977 3467 2177 3531 epulari
2224 3472 2428 3515 veteres
2472 3472 2712 3513 assuetos

1650 3551 1892 3613 constat:
1923 3541 2018 3593 sed
2056 3549 2111 3591 et
2150 3541 2327 3590 luxum
2372 3540 2424 3589 in
2467 3537 2712 3590 texendis

1649 3626 1763 3669 arte
1781 3627 1838 3669 et
1861 3617 2037 3668 labore
2059 3616 2265 3666 corollis
2287 3614 2403 3664 istis
2423 3612 2583 3663 fuisse
2609 3628 2711 3663 non

1651 3696 1819 3745 minua
1840 3701 2041 3744 certum
2060 3699 2158 3743 eat.
2197 3691 2287 3741 Ait
2310 3704 2433 3741 vero
2456 3690 2709 3740 Horatius

1652 3771 1819 3820 odisse
1841 3783 1898 3819 se
1932 3774 2220 3817 sumtuosa·
2255 3779 2318 3815 ac
2353 3778 2597 3829 operosas
2617 3764 2711 3814 haa

1651 3847 1808 3896 etiam
1848 3857 2087 3907 coronas,
2130 3857 2246 3908 quc
2286 3841 2369 3891 vel
2407 3849 2713 3894 tenerentur

1652 3936 1683 3972 e
1713 3919 1929 3971 floribus
1968 3933 2031 3968 ac
2060 3915 2199 3967 foliis
2240 3918 2454 3968 inventu
2486 3916 2712 3968 difficili·

1653 3997 1765 4055 bus,
1801 3996 1885 4046 vel
1921 3999 2258 4043 necterentur
2307 4006 2494 4057 magno
2527 3992 2711 4044 labore

1651 4080 1710 4124 et
1731 4077 2001 4137 apparatu.

1717 4145 1946 4211 Philyra]
1957 4145 2120 4198 Tenui
2137 4160 2270 4197 mem
2276 4146 2454 4204 brana,
2464 4160 2580 4212 quo
2591 4159 2708 4197 cor·

1652 4225 1808 4276 tieem
1847 4225 1985 4276 inter
2018 4229 2077 4275 et
2114 4224 2311 4289 ligeum
2344 4224 2469 4276 tlliae
2506 4223 2708 4276 arboris
