3050 4875
1021 401 1431 451 canuti-tum
1491 403 1636 452 mn.
1687 404 1731 451 1.
1778 387 1885 451 35.

709 544 1010 609 Gestans
1037 543 1250 623 aena3
1278 563 1401 607 neo
1430 563 1708 609 severus

798 645 1035 710 Uncus
1065 647 1277 723 abest,
1306 646 1765 730 liquidumque
1794 648 2155 730 plumbum.

623 746 725 812 Te
754 745 929 829 Spes
959 754 1031 811 et
1061 748 1216 812 albo
1244 767 1395 812 rara
1426 748 1635 813 Fides
1665 749 1829 813 colit

623 845 878 913 Velata
907 867 1166 931 pann03
1196 869 1321 915 nec
1351 854 1667 914 comitem
1697 851 2006 933 abnegat,

358 1040 529 1088 uuas,
550 1032 598 1076 et
619 1028 919 1090 liquefactam
936 1029 1189 1093 plumbum.
1258 1030 1324 1081 Te
1353 1036 1594 1081 reveretur
1625 1031 1762 1094 Spes,
1787 1039 1835 1082 et
1877 1033 2019 1083 Fides
2040 1032 2323 1096 infrequens,
2356 1033 2557 1084 candido

356 1103 515 1151 panno
541 1097 789 1155 ονομα-ιω
820 1109 966 1157 neque
996 1099 1183 1145 remae
1216 1094 1308 1144 tibi
1338 1095 1595 1159 odhoerere,
1625 1098 2000 1160 quandocumque
2035 1103 2218 1147 mutato
2249 1098 2396 1162 pollio
2428 1099 2554 1147 oedes

1284 1223 1461 1244 000000

1465 1224 1643 1245 0000„

359 1315 630 1366 danie—19
651 1315 785 1366 Edd.
809 1324 937 1367 vett.
958 1319 1108 1367 alieno
1124 1335 1144 1376 ‚-
1176 1318 1323 1367 multi
1344 1317 1500 1368 codd.
1518 1325 1571 1370 et
1594 1320 1714 1370 edd.
1732 1329 1956 1372 recentt.
1974 1331 2168 1384 praeter
2186 1321 2393 1373 Wakef.
2416 1323 2553 1372 uena.

360 1378 500 1427 Vide
522 1380 589 1429 ad
613 1394 654 1430 1.
675 1384 757 1430 38.
778 1385 984 1432 11.—2o
1018 1383 1237 1432 Mentel.
1280 1390 1336 1432 et
1369 1397 1498 1432 nnus
1536 1385 1692 1448 Cruq.
1713 1385 2030 1450 Romamque,-
2065 1389 2251 1437 Venet.
2272 1391 2413 1436 1492.
2452 1387 2551 1434 As-

361 1455 503 1492 cens.
528 1443 649 1493 Atd.
665 1443 883 1496 Locber.
901 1445 1120 1509 Cuning.
1145 1456 1197 1496 et
1210 1445 1405 1496 Sanad.
1427 1447 1862 1511 &quidenna—22
1896 1451 2053 1501 Broti.
2072 1466 2157 1501 nec
2176 1452 2391 1501 cornicem
2411 1449 2552 1500 obne-

1359 1584 1573 1635 NOTAE

364 1685 590 1730 muntnr.
646 1679 901 1730 Ammian.
918 1681 1153 1731 Marcell.
1176 1680 1266 1731 lib.
1294 1693 1416 1729 xvr.

361 1757 378 1782 ‘
399 1753 702 1805 Trabalibus
721 1756 840 1805 telis
861 1757 1040 1820 capita
1054 1756 1271 1805 discissa
1293 1770 1417 1820 quo·

365 1830 631 1889 rumdam‚’
650 1832 907 1893 nimirum,
928 1838 987 1880 nt
1009 1832 1083 1879 ait
1102 1832 1252 1895 paulo
1275 1839 1417 1893 ante,

361 1914 377 1936 ‘
393 1903 687 1969 cum,flexis
697 1907 925 1967 ensibus,
942 1905 1162 1956 feriendi
1180 1921 1279 1957 non
1298 1922 1418 1971 sup·

364 1990 608 2046 peterent
647 1980 1005 2043 instrumenta,
1038 1981 1164 2044 ipsis
1185 1982 1419 2031 barbaris

362 2057 470 2105 tela
525 2070 703 2105 eorum
760 2056 1002 2107 vitalibus
1043 2057 1420 2120 immergebat?

361 2130 549 2195 Itaque
570 2132 787 2180 trabalia
805 2132 893 2181 illa
927 2132 1031 2181 tela
1050 2132 1253 2195 stipites
1271 2139 1420 2183 eraut

364 2206 505 2255 acuti
527 2222 622 2271 per
654 2205 823 2257 suffixi
861 2209 1091 2272 corporis
1113 2216 1276 2273 caput
1296 2210 1419 2260 etni-

365 2291 567 2332 nentes.

364 2403 369 2408 .
432 2358 613 2407 Cuneus
639 2373 780 2408 manu
821 2360 1031 2409 Gestatus
1065 2361 1206 2425 ιιέιια]
1245 2357 1417 2409 Stabi-

361 2431 564 2483 litatem
609 2449 671 2484 ac
721 2433 1020 2485 firmitatem
1063 2442 1215 2484 notat
1254 2450 1419 2484 monas

359 2510 530 2571 ahena,
554 2511 680 2560 item
708 2526 880 2561 canens
909 2509 1127 2574 ferreus,
1152 2526 1254 2575 qno
1286 2513 1418 2561 sole·

362 2587 486 2637 bant
526 2588 715 2652 stringi
747 2588 1043 2652 compedes,
1084 2591 1320 2651 manicat,
1361 2597 1418 2640 et

361 2663 582 2726 pedicae.
651 2662 864 2712 Duobus
888 2664 1046 2713 etiam
1070 2664 1246 2713 cuneis
1268 2665 1418 2713 simul

363 2737 564 2787 adactis
580 2738 774 2802 aliquid
795 2739 957 2801 magis
976 2738 1294 2801 astringitur.
1314 2739 1421 2788 Un-

364 2814 431 2861 de
468 2813 642 2862 Plaut.
678 2811 839 2861 Stich.
866 2812 1021 2861 Scen.
1052 2816 1101 2861 9.
1135 2812 1151 2839 ‘
1176 2812 1255 2861 vel
1289 2812 1423 2862 inter

362 2901 556 2937 cuneos
579 2886 810 2949 ferreos:
837 2887 1039 2937 scilieet
1060 2887 1109 2935 in
1142 2896 1307 2949 arcto,
1332 2903 1421 2952 pa-

364 2965 551 3013 rasitus
574 2964 647 3012 ait
681 2962 984 3012 accumbere
1009 2976 1066 3010 se
1090 2975 1255 3024 posse.
1320 2964 1422 3011 Cu·

364 3040 475 3088 neis
498 3046 751 3102 praeterea
785 3052 868 3087 res
892 3036 1155 3087 finduntur
1185 3052 1247 3087 ac
1283 3039 1418 3088 sein-

365 3114 593 3163 dnntnrt
630 3113 707 3162 bis
751 3113 905 3162 etiam
952 3111 1029 3162 rei
1074 3112 1216 3162 velut
1259 3113 1418 3163 clavis

361 3187 641 3250 affiguntur
690 3190 854 3239 cruci.
930 3188 1017 3238 Sic
1062 3188 1198 3252 apud
1246 3189 1417 3239 Cicer.

362 3265 575 3314 Tuscul.
599 3277 661 3315 ιι.
689 3268 772 3314 22.
806 3265 1149 3314 Prometheus
1175 3280 1205 3314 a
1227 3266 1418 3314 Vulca-

362 3355 430 3390 no
452 3354 507 3389 se
531 3338 737 3389 affixum
761 3341 993 3391 Caucaso
1011 3341 1272 3405 queritur:
1297 3343 1313 3370 ‘
1331 3341 1419 3392 Jo-

364 3416 544 3481 visque
582 3428 770 3464 nomen
808 3414 1054 3463 Mulcibri
1089 3415 1277 3464 ascivit
1314 3429 1419 3463 ma-

362 3506 477 3539 nus.
547 3491 656 3540 Hos
679 3491 766 3540 ille
788 3504 980 3540 cuneos
1001 3488 1198 3539 fabrica
1219 3490 1420 3540 crudeli

363 3568 612 3629 inserens,
633 3568 884 3630 Pet-rupit
904 3566 1083 3628 artus,'
1105 3569 1205 3616 Sec.
1273 3567 1418 3616 Clavi

366 3644 602 3692 nimirum
646 3642 712 3692 ad
754 3656 961 3691 crucem
997 3642 1236 3705 ligneam,
1267 3643 1418 3691 cunei

365 3719 429 3766 ad
455 3719 729 3782 lapideam,
761 3719 927 3783 inquit
945 3718 1199 3767 Theodor.
1231 3718 1417 3768 Marci·

362 3794 478 3843 lius.

426 3873 491 3918 20
530 3867 714 3932 Uncus]
744 3869 849 3919 Seu
867 3883 968 3934 quo
988 3867 1061 3917 rei
1081 3866 1418 3918 trahebantur

360 3945 424 3994 ad
451 3944 619 3995 scalas
641 3946 938 4008 Gemonias,
973 3960 1065 3994 sen
1103 3961 1204 4009 quo
1229 3959 1415 3995 annec-

363 4022 404 4072 ti
426 4036 487 4070 ac
513 4020 681 4071 teneri
703 4019 918 4071 firmiter
938 4021 1129 4087 aliquid
1152 4022 1298 4071 solet.

425 4097 769 4162 Liquidamqae
796 4097 1056 4162 plumbum]
1094 4098 1208 4148 Hoc
1242 4104 1416 4147 notum

361 4182 447 4223 est
501 4179 554 4222 et
608 4171 773 4243 affuso
823 4173 1082 4224 cruciatos
1142 4173 1418 4237 aliquando

359 4265 513 4313 reos;
547 4257 603 4301 et
646 4248 842 4301 ferreas
882 4263 1080 4315 manus,
1117 4264 1296 4308 uncos,
1330 4264 1419 4300 cu-

1498 1693 1625 1730 neos
1647 1682 1840 1732 arctius
1859 1682 2080 1747 alligari,
2109 1683 2444 1748 tenaciusque
2464 1685 2558 1735 ad·

1498 1756 1714 1809 baerere.
1779 1758 1974 1808 Arnob.
2010 1766 2194 1808 contra
2216 1760 2432 1822 Gentes,
2464 1762 2557 1811 lib.

1501 1845 1578 1880 vt.
1612 1833 1628 1860 ‘
1646 1829 1785 1883 Quid
1827 1834 2061 1882 miserius
2086 1841 2175 1883 aut
2197 1834 2453 1884 infelicius
2476 1836 2553 1885 bis

1500 1920 1615 1955 esse
1638 1907 1852 1970 poterit,
1876 1922 2027 1972 quam
2064 1909 2107 1957 si
2144 1923 2234 1958 eos
2258 1910 2310 1958 in
2337 1909 2547 1961 basibus

1499 1980 1573 2030 its
1595 1982 1715 2031 nuci
1738 1984 1985 2045 retinent,
2007 1990 2061 2032 et
2085 1982 2335 2047 plumbea
2358 1985 2556 2036 unctio·

1499 2074 1594 2110 nes
1617 2061 1654 2110 ἰ*

1562 2140 1625 2186 21
1665 2135 1732 2188 Te
1754 2138 1892 2203 Spes,
1919 2137 2028 2201 ξω]
2064 2136 2196 2187 Haee
2232 2138 2363 2186 solet
2393 2135 2554 2187 afflic-

1499 2218 1580 2261 tos
1635 2219 1951 2271 sustentare,
2006 2220 2062 2262 et
2116 2212 2269 2261 solari
2325 2211 2553 2263 adversis

1496 2301 1717 2351 pressos.
1783 2288 1854 2337 Hi
1877 2290 2014 2337 enim
2037 2294 2304 2351 sperantes
2328 2289 2556 2351 meliora,

1498 2363 1880 2427 Fortunamque
1921 2371 2049 2412 τοίω
2088 2363 2420 2411 conversione
2465 2362 2553 2411 be·

1498 2438 1785 2501 nigniorem
1824 2435 1953 2495 fore,
1974 2444 2261 2501 praesentes
2302 2451 2554 2487 aerumnas

1498 2513 1712 2578 aequiori
1736 2511 1911 2563 ferunt
1933 2513 2120 2564 animo.

1566 2590 1631 2637 Et
1649 2589 1754 2637 albo
1766 2603 1880 2638 rara
1903 2588 2043 2638 Fides
2055 2589 2170 2638 cotie
2188 2588 2357 2638 Vetat«
2368 2588 2550 2652 panno]

1499 2663 1649 2712 Licet
1670 2663 1808 2712 enim
1828 2662 1930 2711 rari
1947 2662 2048 2712 sint
2069 2663 2120 2711 in
2140 2662 2369 2712 adversis
2386 2663 2557 2722 amici,

1500 2737 1658 2801 aliqui
1715 2746 1885 2787 tamen
1926 2737 2251 2801 reperiuntur
2293 2737 2552 2788 interdum

1498 2812 1683 2865 fideles
1720 2829 2107 2879 usquequaque.
2169 2815 2256 2864 Sic
2274 2814 2405 2879 fides
2441 2815 2553 2863 colit

1500 2888 1798 2949 Fortunam,
1817 2902 1902 2938 neo
1934 2884 2555 2951 adversanti‘refraganti-

1499 2979 1601 3029 que
1622 2980 1677 3015 se
1698 2966 1911 3015 comitem
1929 2972 2086 3026 negat.
2153 2966 2223 3014 Et
2244 2966 2312 3014 ob
2329 2965 2426 3014 boc
2449 2964 2555 3015 for-

1500 3051 1554 3093 te
1586 3043 1775 3092 dicitur
1807 3042 1911 3091 albo
1943 3043 2111 3092 Velata
2144 3056 2331 3104 ρωπος
2364 3041 2418 3089 id
2453 3050 2556 3101 est,

1498 3119 1736 3183 simplex,
1791 3117 2011 3177 sincera,
2066 3131 2166 3165 non
2218 3115 2409 3164 fallax:
2470 3117 2551 3165 vel

1500 3191 1636 3255 quod
1660 3194 1777 3242 albo
1802 3190 2043 3240 velabant
2065 3204 2235 3254 panno
2270 3196 2446 3253 eaput,
2468 3191 2556 3254 qui

1496 3269 1619 3318 fidei
1636 3266 2019 3317 sacrificabant.
2087 3265 2192 3315 Alii
2227 3266 2391 3315 locutu
2415 3265 2553 3314 hunc

1498 3344 1909 3408 interpretantur
1930 3344 1995 3393 de
2019 3342 2341 3403 candidatis,
2364 3342 2555 3404 adepta

1497 3420 1758 3483 dignitate
1798 3434 1978 3483 parum
2009 3419 2310 3469 curantibus
2339 3432 2403 3467 ea
2438 3430 2557 3479 per·

1499 3499 1699 3545 solvere
1738 3511 1853 3560 quas
1894 3503 2002 3545 tum
2046 3496 2266 3545 maxime
2307 3492 2552 3556 promise-

1498 3578 1636 3634 rant,
1689 3585 1804 3620 cum
1873 3571 2226 3633 magistratum
2282 3566 2555 3616 ambirent.

1498 3647 1649 3699 Quod
1674 3648 1796 3696 mibi
1820 3645 2027 3711 quidem
2062 3645 2209 3701 louge
2236 3641 2453 3704 petitum
2479 3642 2554 3688 vi·

1499 3721 1668 3771 detur.
1735 3721 1899 3770 Tuum
1943 3726 2055 3770 esto
2079 3717 2353 3780 judicium,
2388 3714 2553 3764 lector

1499 3808 1658 3857 sagax
1692 3801 1749 3842 et
1778 3792 2000 3842 erudite.
2068 3790 2254 3855 virgil.
2277 3791 2477 3841 AEneitl.
2514 3805 2552 3840 ι.

1498 3874 1614 3920 296.
1646 3870 1660 3896 ‘
1680 3869 1822 3917 Cana
1859 3867 2023 3917 tides!
2089 3869 2208 3919 Quo
2240 3874 2412 3917 tamen
2435 3867 2550 3916 loeo

1495 3943 1787 4009 significare
1812 3944 2015 3994 videtur
2029 3947 2291 4008 antiquam
2312 3942 2486 3992 fidem.

1561 4024 1626 4069 22
1662 4020 1767 4069 Nec
1793 4022 2004 4070 comitem
2034 4020 2255 4081 abnegat,
2291 4019 2551 4082 Utcumque

1495 4099 1700 4156 mamea,
1720 4094 1825 4159 qa]
1857 4094 1917 4143 Id
1952 4101 2052 4156 est,
2086 4107 2182 4141 non
2206 4094 2401 4142 deserit
2424 4093 2550 4143 fides

1498 4173 1712 4234 amicos,
1728 4172 1880 4221 etiam
1898 4185 2014 4220 cum
2031 4170 2096 4218 ab
2118 4169 2194 4219 eis
2211 4167 2409 4218 recedit
2426 4169 2550 4218 For·

1502 4258 1646 4315 tuna,
1684 4255 1885 4302 mutata
1927 4262 2043 4299 cum
2075 4247 2305 4299 vestibus
2335 4257 2509 4298 mente
2527 4266 2546 4309 5
