3050 4875
1310 410 1653 462 uonavn.
2479 397 2566 464 21

681 890 777 974 Q.
836 882 1378 984 noRATn
1448 887 1893 967 FLAccl
1963 887 2268 965 vlTA

951 1111 1145 1177 PER
1184 1112 1395 1182 ANN
1402 1113 1515 1179 OS
1565 1113 2007 1181 DIGESTA.

458 1504 548 1569 U.
597 1505 675 1570 C.
718 1507 912 1573 Varr.
972 1507 1123 1573 689.
1211 1508 1289 1572 L.
1337 1506 1656 1571 Aurelius
1725 1505 1949 1574 Cotta.
2039 1509 2124 1574 L.
2174 1509 2471 1575 Manlius

755 1610 1139 1710 Torquatus
1168 1607 1365 1674 Coss.
1453 1608 1539 1673 A.
1570 1607 1648 1673 G.
1682 1607 1791 1674 65.
1882 1609 2150 1675 Horatii
2180 1612 2246 1676 1.

370 1746 519 1812 His
580 1748 783 1815 Coss.
837 1756 1070 1815 uatum
1113 1769 1267 1814 esse
1318 1748 1702 1826 Horatium,
1744 1768 1880 1814 non
1936 1750 2154 1815 solum
2200 1749 2559 1817 Suetonius

368 1856 608 1913 auctor
637 1857 762 1925 est,
800 1850 920 1914 sed
965 1851 1113 1933 ipse
1156 1850 1361 1914 etiam
1407 1848 1725 1921 Flaccus,
1769 1865 1883 1912 111.
1929 1848 2057 1914 Od.
2100 1850 2212 1915 21.
2243 1852 2305 1914 l.
2338 1849 2557 1933 Epod.

371 1964 547 2013 xm.
596 1949 663 2013 6.
751 1951 1191 2015 Decembrem
1246 1967 1536 2014 mensem
1585 1949 1736 2031 ipse
1781 1949 1989 2013 etiam
2039 1951 2372 2015 natalibus
2418 1953 2561 2017 suis

367 2050 671 2131 assignat
703 2067 753 2116 1.
787 2051 1004 2135 Epist.
1031 2052 1141 2117 20.
1172 2060 1342 2115 extr.
1369 2050 1688 2134 illiusque
1718 2050 1896 2116 diem
1945 2067 2047 2114 vl.
2093 2051 2199 2116 ld.
2243 2058 2560 2117 memorat

366 2149 756 2216 Suetonius.

448 2249 730 2317 Generis
774 2254 877 2318 sui
928 2255 1404 2319 obscuritatem
1455 2272 1794 2338 nunquam
1842 2253 2247 2330 dissimulat,
2295 2273 2559 2338 semper

362 2350 544 2416 ultro
574 2353 823 2432 fassus,
871 2375 946 2420 se
989 2375 1112 2420 nec
1156 2357 1475 2438 ingenuo,
1520 2375 1645 2421 nec
1690 2355 1872 2421 claro
1916 2362 2150 2421 natum
2190 2359 2402 2440 patre,
2432 2356 2554 2419 sed

360 2453 697 2535 libertino,
727 2459 865 2523 vita
907 2463 1127 2522 tamen
1174 2464 1244 2522 et
1290 2463 1563 2540 pectore
1590 2477 1797 2541 puro3
1846 2474 1894 2520 ι.
1925 2457 2071 2522 Sat.
2098 2458 2163 2522 6.
2189 2458 2299 2520 45.
2385 2461 2407 2491 ‘
2440 2457 2555 2521 Li-

359 2554 691 2619 bertinus’
723 2565 946 2622 autem
981 2576 1065 2623 eo
1095 2566 1391 2640 tempore
1441 2557 1624 2621 idem
1668 2562 1813 2622 erat
1841 2577 1927 2623 ac
1956 2561 1979 2593 ‘
2008 2556 2355 2638 libertus;’
2398 2577 2552 2623 cum

360 2657 821 2738 superioribus
865 2661 1131 2724 saeculis
1170 2659 1462 2724 libertini
1503 2658 1884 2724 dicerentur
1925 2657 2050 2722 filii
2077 2658 2461 2722 libertorum
2495 2678 2553 2723 s.

358 2759 940 2824 manumissorum.
1007 2760 1284 2826 Poterat
1300 2763 1430 2826 hoc
1460 2760 1721 2825 discere
1750 2760 1854 2825 cl.
1879 2758 2140 2824 Sivrius
2171 2778 2262 2823 ex
2283 2758 2554 2824 Sueten.

359 2856 598 2924 Claud.
629 2861 734 2924 24.
825 2861 1006 2926 Hinc
1041 2862 1365 2928 Horatius
1395 2883 1486 2928 ex
1539 2883 1679 2928 suoe
1731 2862 1952 2927 aetatis
2002 2879 2188 2926 more
2227 2861 2553 2942 ingenuus

358 2969 535 3038 erat,
565 2980 806 3044 parens
829 2964 979 3047 ejus
1021 2983 1154 3027 non
1192 2965 1367 3028 item.
1393 2962 1485 3027 V.
1520 2979 1568 3027 ι.
1599 2961 1741 3028 Sat.
1769 2962 1835 3027 6.
1864 2960 1929 3025 8.
1961 2968 2032 3024 et
2059 2960 2166 3025 21.
2229 2958 2335 3023 Cf.
2365 2959 2552 3024 Mas·

357 3063 507 3125 soni
537 3061 679 3126 vit.
713 3062 886 3128 Hor.
926 3084 991 3148 p.
1021 3065 1089 3129 4.
1120 3084 1268 3148 sqq.
1355 3063 1641 3149 Oportet
1691 3070 1906 3129 tamen
1962 3061 2305 3136 Flaccum,
2355 3067 2550 3144 patre

344 3162 490 3246 jam
540 3163 848 3231 libertate
885 3166 1159 3244 donato,
1202 3176 1432 3231 natum
1482 3184 1673 3246 esse3
1716 3164 1890 3229 alias
1927 3163 2101 3229 enim
2145 3180 2276 3226 non
2318 3161 2553 3226 suisset

353 3282 706 3345 ingenuus.

443 3360 736 3441 Patrem,
764 3365 960 3449 cujus
986 3384 1226 3432 nomen
1269 3366 1629 3449 ignoratur,
1676 3368 2063 3448 postquam,
2108 3368 2186 3426 ut
2224 3361 2547 3445 dicemus,

326 3464 650 3529 ·Romam
680 3476 1123 3542 concesserat,
1171 3476 1554 3531 coactorem
1599 3465 1838 3542 fuisse,
1890 3469 2158 3528 constat
2183 3470 2253 3525 et
2281 3480 2375 3525 ex
2399 3464 2549 3547 ejus

353 3564 539 3643 Vita,
568 3572 641 3629 et
666 3584 706 3629 e
739 3582 788 3629 1.
814 3565 954 3633 Sat.
980 3567 1048 3631 6.
1075 3568 1182 3631 85.
1273 3565 1352 3630 Id
1380 3567 1467 3631 ad
1500 3563 1862 3646 vectigalia
1889 3562 2025 3627 sere
2053 3561 2362 3637 referunt,
2391 3581 2543 3644 qum

352 3665 649 3749 coegerit
690 3686 813 3749 pro
860 3666 1264 3749 publicanis.
1352 3665 1485 3731 Sed
1525 3666 1662 3730 vid.
1713 3664 1876 3730 Not.
1914 3670 1941 3699 ⁸
1985 3661 2075 3726 ad
2107 3658 2251 3724 vit.
2297 3659 2550 3727 Horat.

350 3766 939 3831 Salsamentarium
982 3765 1218 3843 fuisse,
1264 3772 1340 3832 ut
1380 3767 1444 3830 in
1475 3765 1643 3830 Vita
1690 3763 1930 3829 Horat.
1970 3762 2230 3838 dicitur,
2258 3759 2547 3826 Torren-

349 3869 487 3933 tius
515 3886 646 3931 non
676 3867 822 3931 vult
849 3866 1136 3942 credere,
1156 3866 1324 3949 quia
1350 3866 1495 3948 ipse
1524 3863 1596 3928 id
1620 3882 1754 3927 non
1781 3861 2329 3928 commemorarit.
2406 3859 2547 3925 Sed

350 3969 481 4033 hec
526 3972 703 4032 certe
746 3965 1099 4030 infirmum.
1183 3965 1471 4030 Joauuis
1517 3965 1610 4029 du
1659 3963 1910 4028 Hamel
1957 3971 2406 4027 commentum
2459 3961 2546 4026 de

351 4063 624 4133 Horatii
670 4078 861 4151 patre
908 4065 1152 4132 Flavio
1206 4066 1478 4143 Flacco,
1518 4064 1738 4129 nobili
1780 4069 1976 4145 gente
2032 4061 2322 4127 Pontica
2366 4069 2542 4183 orto,

350 4170 472 4247 ita,
501 4174 908 4246 muneretur,
937 4168 1222 4250 castigat
1254 4166 1678 4235 Sanadouus.
