3050 4875
993 373 1405 424 csasnmm
1457 372 1606 423 ms.
1651 372 1766 424 ιιι.
1811 360 1917 424 10.

2450 359 2577 426 441

736 517 1075 600 Ingratum
1103 516 1356 581 Veneri
1385 536 1563 601 pone
1591 518 1977 600 superbiam
2000 538 2019 599 3

739 619 851 683 Ne
881 625 1183 684 currente
1207 622 1353 682 rota
1377 618 1556 683 funis
1583 626 1693 684 eat
1717 627 1915 685 retro.

2446 622 2579 686 -10

734 719 898 785 Non
927 725 991 784 te
1020 719 1400 804 Penelopen
1430 721 1768 787 difficilem
1798 722 2022 805 procis

1072 820 1451 905 Tyrrhenus
1478 824 1706 905 genuit
1732 842 2003 906 parens.

394 976 650 1027 demissas?
714 978 881 1040 Alv'ice
901 979 1091 1040 fastum
1114 979 1286 1031 Veneri
1305 981 1536 1045 odiam,
1551 996 1611 1030 ne
1628 981 1878 1040 seniculus
1906 986 2163 1031 retrorsum
2185 980 2322 1030 abeat
2342 985 2448 1030 rota
2473 994 2579 1030 oer-

388 1045 514 1091 sata.
583 1041 852 1106 {lyr-rhem
868 1050 1008 1108 pater
1026 1044 1152 1094 haud
1173 1050 1220 1095 te
1245 1045 1512 1109 meavit
1533 1046 1798 1109 Penelopen
1817 1045 2084 1095 amam
2103 1045 2462 1096 iatmdabikm.
2528 1044 2575 1091 0

1608 1185 1671 1206 ‘O

391 1280 543 1332 Lect.
566 1297 620 1347 p.
637 1287 720 1333 64.
751 1284 768 1312 ‘
785 1282 906 1347 Sed,
927 1291 985 1333 nt
1007 1290 1151 1334 recte
1172 1284 1350 1334 Bentl.
1370 1284 1444 1333 nil
1468 1284 1559 1334 illo
1579 1283 1755 1333 lumine
1774 1282 1825 1333 b.
1849 1283 1884 1334 l.
1907 1283 2167 1349 ineptius!
2185 1284 2452 1333 lant—10
2475 1285 2581 1334 Nec

385 1353 605 1396 ommes
626 1362 754 1396 unus
776 1348 1101 1408 Bersmauni,
1120 1348 1273 1398 Dess.
1297 1352 1348 1397 2.
1369 1355 1423 1399 et
1444 1348 1589 1410 Lips.
1614 1353 1659 1398 1.
1683 1363 1715 1396 a
1735 1363 1804 1397 rn.
1822 1362 1900 1412 pr.
1917 1348 2198 1408 retrosum}
2212 1354 2290 1398 eat
2306 1354 2413 1396 rota
2430 1347 2579 1398 Harl.

391 1414 442 1458 l.
459 1415 508 1460 2.
526 1415 576 1460 8.
592 1414 642 1461 4.
662 1418 709 1460 ὃ.
724 1418 771 1462 6.
793 1414 879 1462 alii
899 1412 1052 1464 codd.
1076 1413 1293 1463 Venett.
1317 1412 1436 1462 Vet.
1457 1410 1641 1461 Comb.
1663 1417 1721 1459 et
1743 1412 1860 1461 edd.
1892 1409 2004 1462 fere
2027 1420 2155 1462 vett.
2180 1422 2235 1461 et
2258 1414 2413 1476 vulgg

2416 1446 2429 1461 .
2455 1418 2578 1461 ante

389 1475 566 1524 Bentl.
589 1481 695 1524 rota
718 1477 864 1535 sanis
895 1482 973 1527 eat
987 1481 1115 1526 retro
1130 1478 1372 1527 Petreus.
1396 1483 1453 1525 et
1475 1476 1597 1526 Gal.
1619 1475 1864 1531 Bentleii,
1881 1474 2099 1526 Mediol.
2118 1479 2262 1526 1477.
2282 1476 2456 1525 Bentl.
2481 1476 2582 1525 Cu·

387 1539 532 1603 uing.
553 1539 709 1591 Baxt.
733 1541 899 1592 Gesn.
919 1542 1083 1592 Zeun.
1103 1541 1235 1592 Sivr.
1250 1540 1393 1605 sani,
1413 1541 1630 1591 Mitscb.
1653 1541 1863 1606 Bipont.
1884 1540 2101 1592 wetzel.
2122 1538 2328 1591 wakef.
2343 1547 2398 1590 et
2417 1538 2580 1591 Kidd.

1375 1678 1593 1732 No'rAE

392 1771 520 1825 Nat.
542 1775 706 1825 Deor.
726 1790 774 1827 n.
799 1781 881 1828 26.
913 1778 930 1806 ‘
947 1778 1076 1828 Tum
1099 1794 1247 1843 aqnae
1270 1780 1442 1830 decla-

392 1856 471 1898 rat
494 1848 697 1912 effusio,
732 1867 845 1918 qnae
885 1868 1057 1918 neque
1094 1854 1444 1918 conglaciaret

391 1924 692 1991 frigoribus,
716 1943 882 1994 neque
906 1932 1025 1979 nive
1051 1931 1298 1994 pruinave
1321 1945 1441 1980 cou-

391 2012 670 2066 cresceret,
691 2005 786 2054 nisi
815 2004 1000 2055 eadem
1021 2021 1077 2056 se
1110 2006 1332 2057 admisto
1354 2022 1441 2058 ca·

391 2078 502 2128 lore
517 2079 803 2144 liquefacta
819 2088 874 2131 et
893 2082 1088 2146 dilapsa
1108 2081 1442 2133 diffunderet.

390 2153 577 2217 Itaque
595 2165 648 2205 et
665 2155 1004 2221 Aquilonibus
1022 2159 1336 2224 reliquisque
1353 2156 1442 2209 fri·

390 2230 596 2293 gorinus
614 2231 834 2296 adjectis
852 2232 1082 2283 durescit
1104 2234 1323 2293 bumor‚'
1341 2238 1441 2286 &c.

454 2310 488 2355 8
518 2308 653 2358 Puro
693 2311 881 2359 mim
915 2311 1135 2376 Jupiter]
1185 2313 1327 2361 Bene
1366 2313 1445 2362 sic

386 2383 580 2447 legito:
617 2386 722 2443 alii,
759 2387 888 2435 Paro
915 2387 1107 2451 lumine,
1138 2387 1221 2438 vel
1253 2389 1447 2449 lamine,-

383 2454 484 2509 sed
517 2473 806 2524 perperam.
880 2462 1067 2514 Jovem
1113 2477 1209 2527 pro
1252 2464 1445 2515 aetlrere

387 2547 492 2582 nou
517 2549 631 2585 raro
653 2537 910 2600 usurpari,
933 2544 1142 2587 noturus
1178 2538 1296 2589 huic
1319 2553 1444 2603 ergo

388 2609 667 2672 respondet
689 2625 805 2672 vox,
831 2613 1039 2664 numium
1108 2614 1240 2663 Puro
1273 2615 1446 2664 laniae

386 2683 476 2733 Sol
499 2685 704 2747 quidem
728 2686 965 2749 dicatur3
998 2694 1055 2738 at
1080 2703 1185 2738 non
1213 2689 1445 2753 Jupiter,

387 2761 676 2820 praesertim
710 2763 969 2813 concubia
996 2772 1185 2825 nocte;
1218 2779 1319 2829 qua
1342 2766 1445 2829 Ly-

387 2848 475 2884 ces
509 2835 721 2899 januam
774 2840 1106 2898 occentabat‚
1156 2840 1223 2890 de
1282 2855 1444 2899 more,

386 2912 554 2963 Poeta
577 2923 767 2964 noster.

452 2994 486 3040 9
516 2990 766 3052 Ingratum
797 2990 966 3041 Veneri
999 3005 1119 3054 poae
1153 2991 1442 3056 superbiant]

387 3065 566 3115 Venus
593 3068 734 3116 euim
763 3066 923 3130 jocis,
956 3067 1151 3130 gratiis,
1184 3068 1445 3118 amoribus

387 3143 583 3205 stipata
625 3142 816 3207 ubique
859 3149 1209 3193 memoratur:
1256 3144 1443 3209 quibus

386 3216 697 3276 adversatur
733 3220 939 3267 omnino
974 3218 1235 3283 snperbia.
1269 3233 1309 3268 r.
1332 3219 1441 3271 Od.

387 3295 437 3341 2.
470 3293 487 3320 ‘
511 3292 736 3356 Erycina
758 3293 952 3355 ridens,
982 3295 1150 3346 Quam
1171 3294 1326 3357 jocus
1346 3294 1443 3346 cir·

389 3382 507 3419 cum
532 3370 669 3418 volat
690 3377 744 3420 et
767 3369 1004 3433 Cupido?

455 3449 522 3493 16
553 3445 634 3496 Ne
658 3452 878 3496 currente
906 3451 1011 3495 rota
1032 3445 1174 3506 funis
1193 3449 1271 3495 eat
1289 3446 1443 3509 retro]

389 3523 474 3573 Ne
508 3520 702 3572 offensa
738 3524 916 3573 Venus
952 3524 1079 3572 iram
1117 3523 1169 3572 iu
1209 3530 1263 3573 te
1298 3536 1444 3572 suam

386 3599 642 3662 stringat:
678 3606 837 3664 tuque
858 3597 1036 3648 favore
1058 3598 1168 3662 ejus
1192 3597 1445 3649 destituta

388 3675 758 3738 contemnaris,
780 3682 837 3724 ut
868 3674 1022 3724 modo
1043 3688 1125 3723 me
1145 3675 1443 3724 contemnis.

387 3749 535 3798 Time
573 3763 701 3811 ergo
735 3748 999 3812 sapienter
1025 3747 1247 3798 fortunae
1285 3748 1443 3798 vices.

388 3821 583 3874 Tibull.
606 3836 644 3872 1.
665 3830 713 3872 6.
735 3828 817 3873 67.
850 3822 867 3850 ‘
891 3824 1012 3873 Heu
1046 3824 1276 3874 canimus
1308 3822 1442 3873 frus·

391 3905 503 3947 tra:
525 3912 622 3948 nec
646 3898 815 3948 verbis
836 3898 977 3948 victa
1000 3900 1224 3963 patescit
1242 3898 1443 3950 Janua:

387 3974 482 4023 aed
506 3974 661 4038 plena
677 3985 759 4025 est
791 3975 1132 4038 percutienda
1153 3989 1322 4023 manu.
1369 3963 1446 4023 A't

392 4058 469 4112 tu,
489 4049 575 4113 qui
600 4050 767 4113 potior
804 4064 943 4101 nunc
980 4064 1056 4111 es,
1090 4064 1208 4099 mea
1227 4048 1338 4099 fata
1358 4063 1445 4098 ca·

392 4129 544 4174 veto:
578 4125 828 4176 Versatur
848 4125 1010 4176 celeri
1041 4123 1148 4175 fors
1169 4125 1296 4175 levis
1316 4124 1444 4175 orbe

393 4198 562 4251 τοίω·
627 4200 737 4252 Isto
774 4208 945 4252 tamen
983 4201 1098 4252 loco
1133 4200 1442 4267 Metaphora

1523 1778 1733 1829 videtur
1766 1792 1880 1828 esse
1915 1776 2070 1828 ducta
2096 1789 2197 1827 nou
2219 1790 2249 1825 a
2275 1781 2393 1825 rota
2413 1773 2581 1824 fortn-

1523 1871 1604 1905 ιιι».
1630 1854 1840 1904 volubili
1861 1859 1912 1903 et
1948 1852 2199 1914 instabili,
2220 1851 2312 1902 sed
2338 1851 2509 1915 potius
2546 1865 2580 1900 a

1522 1932 1652 1981 rotis
1675 1938 1732 1980 et
1754 1930 2014 1992 trochleis,
2038 1928 2222 1994 quibus
2244 1927 2579 1979 circumvolu-

1522 2018 1606 2057 tus
1648 2004 1786 2057 funis
1827 2006 2059 2070 iugentia
2089 2005 2328 2055 sublevat
2347 2012 2403 2053 et
2425 2003 2583 2053 trabit

1521 2083 1771 2147 pondera,
1799 2083 1842 2132 si
1881 2083 2013 2133 bene
2049 2087 2322 2131 teneatur:
2358 2085 2414 2129 at
2436 2080 2480 2128 si
2503 2078 2579 2128 di·

1520 2158 1703 2207 missus
1725 2155 1905 2220 fuerit,
1928 2162 1985 2207 et
2007 2164 2121 2207 rota
2142 2164 2198 2206 et
2218 2154 2354 2206 funis
2376 2161 2432 2205 et
2454 2168 2581 2217 pon·

1520 2233 1618 2283 dus
1649 2234 1702 2282 in
1736 2240 1937 2297 partem
1977 2233 2285 2283 contrariam
2319 2230 2579 2293 feruntur,

1520 2317 1757 2369 currunt,
1780 2307 2007 2372 fugiunt,
2029 2307 2392 2358 deturbantur.
2449 2306 2579 2356 Sen-

1520 2399 1607 2434 sus
1634 2386 1810 2452 itaqne
1842 2384 2049 2435 Horatii
2081 2384 2214 2433 erit:
2245 2398 2277 2433 o
2311 2384 2472 2447 Lyce,
2511 2397 2578 2432 ue

1520 2462 1741 2512 Veneris
1780 2471 1837 2512 tu
1864 2461 2068 2511 vincula
2088 2472 2354 2522 nexusque
2374 2471 2581 2522 sperne,

1521 2551 1639 2602 quae
1662 2539 1706 2588 si
1728 2537 1983 2587 dimiseris
2005 2550 2131 2586 eave
2169 2549 2233 2585 ue
2271 2549 2348 2584 res
2371 2541 2474 2585 tum
2497 2548 2578 2583 re-

1521 2619 1605 2663 tro
1644 2621 1701 2663 et
1739 2626 1944 2677 pessum
1977 2619 2100 2660 eant
2130 2624 2193 2661 ac
2215 2610 2579 2660 dissolvantur.

1523 2689 1712 2752 virgil.
1749 2689 1863 2739 Ecl.
1897 2700 2022 2737 vin.
2044 2690 2125 2737 78.
2157 2688 2173 2715 ‘
2197 2686 2439 2747 Veneris,
2473 2686 2580 2744 dic,

1521 2763 1731 2813 vincula
1752 2762 1944 2813 necto!

1589 2844 1649 2889 11
1686 2840 1802 2890 Non
1832 2845 1882 2889 te
1902 2840 2166 2903 Penelopen
2187 2840 2445 2906 difficilem,
2472 2838 2578 2903 ξω]

1521 2918 1645 2968 Non
1677 2930 1733 2966 es
1756 2923 1814 2966 ut
1845 2916 2131 2980 Penelope,
2160 2917 2443 2981 Spartana,
2479 2931 2579 2967 nec

1523 2992 1749 3043 educata
1784 2993 2139 3056 instructaque
2179 2992 2322 3041 duris
2354 2993 2581 3043 moribus

1522 3076 1825 3134 austeraque
1877 3067 2086 3118 vivendi
2139 3068 2367 3118 ratione:
2424 3069 2579 3117 immo

1523 3151 1811 3208 venustam,
1851 3142 2095 3207 lepidam,
2134 3143 2462 3193 tractabilem
2491 3157 2582 3206 ge-

1522 3222 1637 3270 nuit
1683 3229 1738 3270 te
1779 3224 1931 3284 pater
1967 3218 2150 3282 Italus,
2183 3220 2266 3268 vel
2307 3220 2580 3282 Etruscus,

1522 3304 1584 3348 nt
1624 3297 1801 3362 placet
1840 3294 2161 3362 quibusdam,
2198 3309 2299 3356 uec
2339 3295 2579 3346 absurde.

1522 3373 1770 3423 Etruscos
1805 3372 2042 3421 ludorum
2080 3384 2142 3420 ac
2176 3371 2494 3435 voluptatum
2527 3386 2581 3421 a·

1521 3454 1748 3498 matures
1786 3461 1940 3496 nemo
1982 3445 2180 3496 nescit:
2236 3443 2400 3496 refert
2450 3447 2582 3498 Coel.

1524 3522 1747 3586 Rhodis.
1772 3535 1871 3572 xv.
1893 3526 1975 3571 11.
2011 3527 2172 3585 atque
2203 3534 2236 3569 a
2256 3520 2417 3584 Lydis
2440 3527 2580 3571 trax·

1522 3597 1626 3649 isse
1648 3596 1899 3661 originem
1923 3596 2228 3660 suspicatur.

1607 3674 1868 3735 Penelopen
1919 3670 2157 3735 difficilem
2203 3669 2386 3735 procis]
2445 3670 2579 3723 Haec

1523 3748 1729 3812 Ulyssis
1752 3761 1880 3797 uxor
1913 3747 2024 3795 viro
2063 3760 2156 3795 suo
2183 3743 2340 3795 fidem
2369 3761 2579 3797 servans

1525 3823 1708 3886 viginti
1752 3834 1911 3872 annos
1954 3820 2177 3885 absenti,
2221 3835 2406 3884 procos
2445 3821 2579 3872 bene

1522 3900 1711 3950 multos
1761 3898 1954 3949 acriter
1998 3897 2335 3955 solicitantes‚
2378 3904 2580 3960 patrem

1522 3976 1680 4026 etiam
1703 3989 1863 4026 novas
1885 3974 2091 4037 nuptias
2115 3972 2419 4022 suadentem
2442 3974 2583 4026 eluc-

1524 4058 1636 4102 tata
1655 4058 1753 4100 est.
1820 4049 2035 4100 Homer.
2059 4047 2252 4113 odyss.
2274 4055 2328 4098 B.
2348 4055 2402 4100 z.
2424 4054 2482 4101 Η.

1589 4130 1651 4177 12
1706 4119 1996 4192 Tyrrhenus]
2046 4124 2300 4186 Tyrrheni
2354 4125 2579 4177 Etruria

1521 4202 1718 4268 populi.
1780 4198 2075 4265 Tyrrhenia
2110 4199 2354 4251 Straboni
2399 4200 2579 4251 eadem
