3050 4875
934 872 2077 1011 TESTIMONIA

1105 1179 1263 1276 DE
1345 1198 1887 1276 HORATIO.

1045 1675 1331 1742 Ovidius
1363 1691 1466 1739 ιν.
1492 1675 1702 1742 Trist.
1732 1675 1837 1742 10.
1866 1675 1976 1743 49.

667 1793 758 1858 Et
786 1795 997 1859 tenuit
1019 1801 1284 1859 nostras
1311 1813 1697 1858 numerosus
1720 1792 2046 1858 Horatius
2075 1811 2294 1872 aures,

754 1895 937 1960 Dum
962 1894 1120 1961 ferit
1144 1894 1453 1961 Ausonia
1482 1897 1779 1960 carmina
1808 1895 1991 1960 culta
2016 1897 2182 1978 lyra.

1151 2088 1512 2155 Petronius
1545 2106 1700 2171 cap.
1730 2083 1880 2152 118.

493 2206 832 2272 Homerus
879 2207 1096 2284 testis,
1139 2214 1211 2272 et
1268 2206 1517 2291 Lyrici,
1570 2206 2057 2291 Romanusque
2116 2206 2465 2290 Virgilius,
2527 2210 2594 2272 et

408 2307 685 2375 Horatii
716 2308 988 2373 curiosa
1015 2308 1326 2373 felicitas.

1163 2488 1441 2553 Persius
1473 2507 1523 2553 1.
1553 2489 1693 2554 Sat.
1725 2487 1877 2553 116.

663 2606 879 2671 Omne
908 2606 1096 2671 vafer
1122 2606 1358 2670 vitium
1387 2606 1628 2671 ridenti
1659 2607 1945 2672 Flaccus
1976 2604 2196 2669 amico

660 2708 927 2790 Tangit,
956 2714 1023 2773 et
1045 2708 1382 2772 admissus
1409 2710 1658 2773 circum
1687 2705 2064 2792 praecordia
2089 2705 2288 2784 ludit,

662 2809 969 2875 Callidus
998 2827 1293 2874 excusso
1320 2808 1651 2893 populum
1682 2806 2086 2892 suspendere
2115 2825 2304 2872 naso.

1169 2998 1627 3078 Quintilianus
1654 3018 1727 3063 x.
1771 2999 1835 3062 l.

491 3114 711 3181 Multo
744 3120 849 3179 est
879 3115 1115 3179 tersior
1152 3133 1233 3179 ac
1274 3135 1490 3198 purus
1518 3116 1734 3197 magis
1769 3115 2123 3191 Horatius,
2151 3120 2218 3179 et
2244 3114 2333 3180 ad
2359 3123 2597 3183 notan·

402 3215 531 3279 dos
558 3215 894 3280 hominum
924 3235 1136 3280 mores
1165 3218 1549 3300 praecipuus
1571 3263 1589 3282 .
1613 3263 1630 3282 .
1653 3262 1671 3281 .
1694 3261 1711 3277 .
1728 3214 2114 3300 Lyricorum
2153 3214 2332 3280 idem
2372 3216 2599 3284 Hora-

403 3319 541 3382 tius
570 3317 706 3384 fere
734 3317 922 3383 solus
949 3318 1077 3400 legi
1107 3317 1360 3400 dignus.
1451 3316 1633 3383 Nam
1673 3322 1746 3382 et
1786 3317 2066 3400 insurgit
2102 3314 2489 3401 aliquando,
2528 3327 2598 3384 et

398 3420 641 3502 plenus
668 3426 776 3484 est
793 3416 1230 3502 jucunditatis
1253 3426 1325 3484 et
1353 3420 1611 3504 matins,
1642 3425 1714 3484 et
1749 3419 1954 3484 variis
1996 3417 2221 3503 figuris
2263 3423 2333 3484 et
2373 3420 2596 3485 verbis

399 3520 785 3584 felicissime
816 3519 1059 3584 audax.

475 3705 552 3773 G.
583 3707 784 3773 Cilnii
822 3707 1214 3775 Maecenatis
1246 3706 1987 3794 Hendecasyllaborum
2019 3706 2520 3792 Fragmentum,

1021 3828 1132 3894 ap.
1162 3808 1399 3875 Isidor.
1446 3811 1632 3892 Orig.
1666 3822 1837 3873 xlx.
1864 3807 1976 3875 32.

663 3928 1015 4005 Lucentes,
1045 3947 1201 3992 mea
1230 3928 1395 4004 vita,
1424 3946 1551 3991 nec
1580 3920 1993 4009 smaragdos,

661 4028 969 4111 Beryllos
998 4028 1182 4107 mihi,
1214 4026 1481 4105 Flacco,
1506 4046 1630 4092 nec
1655 4027 1956 4104 nitenteS,

660 4127 806 4193 Nec
839 4129 1270 4212 praecandida
1298 4131 1654 4214 margarita
1682 4148 1956 4213 quoer03
