3050 4875
498 370 630 436 244
1285 392 1290 397 ·
1358 387 1757 439 axcunsus

496 527 695 578 laxaris
718 536 926 590 prorsus
945 524 1199 577 diffluens.
1270 528 1448 592 Longe
1480 529 1712 579 diversus
1745 534 1825 577 est
1855 528 2003 579 Paris
2038 527 2367 580 Homericus.
2432 529 2555 580 Non
2589 529 2676 579 ille

500 615 647 659 caret
676 609 889 668 virtute,
911 609 1165 657 animosus
1186 621 1247 657 ac
1270 605 1418 658 fortis
1440 616 1523 658 est
1546 609 1722 658 multis
1742 609 1903 668 lucin
1939 624 1989 658 v.
2012 623 2059 658 c.
2090 609 2143 657 in
2167 623 2339 672 pugna
2358 623 2477 660 cum
2498 611 2677 660 Mene·

497 688 603 749 iao,
623 687 683 737 11.
703 693 755 736 r.
773 689 885 736 328.
903 700 1015 751 sqq.
1034 701 1185 750 quam
1203 687 1414 736 heroica
1435 696 1491 736 et
1509 701 1647 736 saum
1666 687 1853 736 mentis
1873 687 2025 750 plena
2048 689 2216 739 oratio
2230 689 2487 752 procedit
2508 702 2581 738 vs.
2598 692 2680 738 5⁹.

498 781 610 831 sqq.
632 766 871 814 vulnerat
890 764 1217 825 Diomedem,
1247 771 1305 814 Λ.
1329 768 1445 815 868.
1509 766 1850 829 Eurypylum,
1882 766 1957 815 ib.
1991 770 2105 816 ⁶80.
2141 768 2364 832 loquitur
2384 774 2442 817 et
2462 768 2592 831 agit,
2620 772 2680 816 ut

502 846 600 908 vir,
622 852 682 895 N.
702 847 818 894 ⁵80.
870 843 1226 893 Eucbenorem
1249 843 1512 907 interficit,
1545 844 1617 894 ib.
1635 848 1749 894 668.
1813 844 1916 893 Sed
1947 852 2028 894 est
2059 845 2209 895 simul
2237 846 2472 909 pulcher,
2491 844 2682 895 formo·

500 939 605 987 sua,
624 925 849 989 elegans,
883 937 1055 973 amore
1089 920 1330 983 affectus,
1369 936 1466 972 nec
1503 929 1607 971 tam
1640 936 1810 987 asper,
1835 937 1986 987 quam
2015 923 2177 974 ceteri
2200 924 2416 985 beroen
2450 926 2536 989 qui
2560 938 2680 973 eum

501 1004 697 1054 idcirco
716 1001 1076 1068 παρθενοπῖπα,
1096 1000 1311 1064 ἄναλκιν,
1339 1003 1600 1062 'parentari
1633 1002 1936 1064 appellant:
1970 1002 2090 1066 quia
2122 1003 2481 1053 alienissimum
2505 1003 2570 1054 ab
2592 1004 2679 1052 lie·

503 1082 652 1133 roicis
684 1096 746 1131 ac
779 1081 1073 1131 Homericis
1106 1080 1426 1145 temporibus
1458 1078 1786 1144 moribusque
1821 1089 1955 1145 erat,
1986 1080 2201 1131 delicias
2223 1082 2275 1130 in
2296 1095 2469 1131 amore
2491 1079 2683 1144 facere,

503 1167 595 1212 aut
615 1162 999 1226 exquisitiorem
1020 1160 1241 1224 aliquem
1263 1157 1508 1209 affectum
1532 1158 1823 1222 concipere.

568 1240 673 1292 Qui
697 1248 816 1304 post
838 1239 1123 1291 Homerum
1154 1253 1236 1287 res
1255 1238 1501 1302 TroJanas
1524 1244 1813 1289 tractarunt
1833 1238 2037 1300 Polite,
2058 1239 2206 1304 lyrici
2229 1239 2459 1304 inprimis
2492 1255 2552 1291 ac
2576 1248 2682 1290 tra·

501 1319 624 1384 gici,
644 1320 727 1369 vel
757 1318 921 1368 minus
953 1319 1034 1367 vel
1067 1318 1231 1380 magis
1266 1325 1590 1368 recesserunt
1620 1317 1690 1366 ab
1715 1318 1959 1367 Historia
1991 1317 2121 1379 flde;
2159 1332 2274 1368 nam
2310 1333 2404 1382 pro
2425 1332 2516 1368 suo
2538 1320 2679 1383 quis·

503 1413 602 1465 que
624 1398 839 1450 consilio
863 1396 1172 1462 ingenioque
1191 1396 1518 1446 characteres
1542 1396 1849 1447 Homericos
1871 1405 1929 1446 et
1949 1411 2100 1447 omne
2124 1397 2301 1448 Iliadis
2323 1406 2680 1461 argumentum

501 1487 770 1539 ornarunt,
803 1477 1086 1537 variarunt,
1122 1473 1467 1525 inflexeruntz
1500 1482 1558 1525 et
1588 1476 1641 1525 in
1667 1490 2044 1540 quamcumque
2076 1477 2290 1526 formam
2312 1475 2680 1527 diffluxerunt:

501 1556 638 1622 quod
672 1558 765 1617 illi,
786 1557 873 1620 qui
899 1555 1224 1619 Heynianum
1247 1553 1540 1616 Virgilium,
1570 1561 1629 1603 ut
1662 1567 1756 1617 par
1789 1562 1889 1613 est,
1917 1555 2154 1618 edidicit,
2183 1570 2250 1605 ex
2272 1557 2504 1606 Excursu
2537 1569 2576 1606 1.
2615 1557 2682 1606 ad

502 1635 621 1686 AEn.
659 1649 720 1685 tr.
757 1634 1072 1685 notissimum
1113 1648 1224 1683 esse
1265 1631 1436 1683 debet.
1522 1632 1714 1698 ltaque
1750 1634 1816 1683 ab
1861 1633 2061 1684 illorum
2107 1635 2387 1686 Poetarum
2429 1636 2684 1687 nonnullis

501 1716 665 1764 multo
692 1715 881 1778 majore
921 1714 1076 1764 etiam
1118 1713 1313 1762 virtute
1352 1712 1626 1775 insignitus
1660 1712 1818 1764 fuisse
1854 1714 2005 1763 Paris
2038 1714 2274 1775 videtum
2315 1715 2455 1779 quod
2492 1716 2573 1764 vel
2611 1730 2682 1765 ex

503 1793 662 1844 ovid.
684 1793 815 1844 Her.
835 1806 953 1842 xvi.
973 1799 1106 1843 extr.
1128 1793 1254 1841 item
1279 1806 1346 1842 ex
1367 1791 1585 1856 Hygini,
1616 1792 1731 1857 (qui
1753 1807 1817 1842 ex
1841 1793 2105 1843 veteribus
2139 1795 2428 1857 Trassoediis
2462 1795 2683 1858 plurima

500 1872 812 1938 decerpsit,)
849 1873 1048 1923 Fabula
1071 1885 1187 1922 xci.
1209 1879 1265 1922 et
1283 1884 1557 1922 ccaxxtu.
1591 1872 1838 1936 colligas:
1869 1873 1957 1921 alii
1981 1887 2126 1934 vero,
2155 1881 2211 1922 et
2235 1874 2416 1937 tragici
2437 1879 2495 1922 et
2516 1874 2684 1938 lyrici,

498 1956 576 2005 ita
612 1955 726 2018 eJus
763 1955 1117 2003 characterem
1156 1950 1508 2014 diffluxerunt,
1547 1960 1606 2001 ut
1645 1953 1967 2002 mollissimus
2014 1951 2272 2003 Asiaticus
2306 1954 2478 2004 bomo·
2497 1955 2682 2006 exiret.

499 2035 634 2083 Sunt
669 2048 734 2083 ex
772 2033 959 2083 talibus
982 2032 1232 2096 exemplis
1256 2032 1467 2095 piurima
1491 2032 1771 2082 Poetarum
1796 2033 2100 2081 Latinorum
2127 2033 2244 2082 loca
2271 2046 2519 2097 expressa
2549 2035 2681 2097 (vid.

500 2113 650 2176 virg.
672 2111 788 2161 AEn.
807 2124 888 2161 ιν.
912 2116 1024 2161 215.
1056 2123 1159 2160 xn-
1179 2109 1306 2174 92),
1337 2118 1394 2160 et
1431 2110 1570 2160 baud
1608 2111 1765 2160 dubie
1799 2111 2049 2161 Nostrum
2076 2111 2232 2161 etiam
2255 2113 2496 2163 Carmen.
2560 2114 2681 2165 Quo

498 2193 763 2256 pertinent
798 2204 1001 2255 qnoque
1037 2196 1290 2254 perpetua
1312 2190 1364 2238 in
1387 2190 1655 2240 universos
1676 2191 1944 2253 Trojanos,
1964 2197 2021 2240 ut
2043 2191 2219 2240 molles
2239 2199 2295 2240 et
2317 2189 2680 2257 effoemiuatos,

499 2271 735 2334 conjecta
758 2268 965 2332 probra,
998 2274 1113 2319 orta
1150 2282 1263 2318 cnm
1302 2282 1368 2317 ex
1392 2266 1532 2318 fama
1566 2268 1633 2318 de
1670 2282 1850 2318 eorum
1880 2269 2166 2332 opulentia,
2191 2276 2298 2319 tum
2320 2285 2389 2319 ex
2418 2270 2679 2335 Phrygum

500 2364 615 2400 cum
638 2349 735 2398 illis
755 2349 1149 2413 permutatione,
1172 2348 1258 2411 qui
1283 2348 1407 2397 luxu
1426 2354 1482 2397 et
1505 2347 1722 2398 mollitie
1742 2345 1961 2397 infames
1980 2355 2151 2411 erant,
2173 2349 2309 2412 quod
2333 2349 2482 2412 primi
2503 2351 2555 2399 ln
2578 2351 2680 2400 Mi·

501 2444 628 2481 nore
650 2427 778 2480 Asia
797 2429 979 2494 opibus
1002 2428 1337 2479 excellerent.

567 2510 630 2561 In
653 2510 905 2561 Helenam
937 2510 1099 2559 multo
1131 2507 1288 2558 etiam
1327 2508 1626 2571 injustiores
1656 2508 1807 2559 hodie
1838 2518 1977 2560 sunt.
2040 2509 2362 2573 Impudicam
2393 2511 2489 2561 sibi
2520 2513 2680 2572 illam,

498 2591 770 2653 impuram,
793 2589 1153 2653 abjectamque
1174 2603 1237 2639 ac
1257 2596 1551 2651 protervam
1574 2588 1793 2652 fingunt,
1827 2604 1942 2653 que
1965 2589 2135 2639 animo
2157 2590 2256 2638 levi
2281 2603 2342 2640 ac
2364 2590 2415 2639 in
2440 2592 2676 2642 maritum

501 2669 699 2734 perfido
718 2669 894 2719 statim
928 2669 1162 2732 nitroque
1195 2675 1375 2717 secuta
1395 2667 1465 2716 sit
1486 2668 1734 2717 Paridem
1756 2667 2116 2717 abducturum.
2181 2668 2346 2718 Plane
2368 2668 2466 2718 boc
2490 2683 2681 2734 repug-

500 2755 591 2798 nat
611 2749 687 2798 illi
709 2748 819 2811 ejus
840 2748 1148 2807 characteri,
1166 2760 1320 2810 quem
1339 2761 1407 2796 ex
1430 2746 1653 2809 antiquis
1675 2745 2016 2809 scriptoribus
2032 2746 2180 2796 nobis
2200 2744 2396 2810 fingere
2415 2748 2679 2802 debemus.

499 2826 586 2877 lbi
608 2828 741 2876 enim
756 2841 867 2876 eam
885 2826 1208 2889 agnoscimus
1229 2826 1621 2890 pulcherrimam
1639 2839 1738 2875 non
1762 2826 1943 2884 solum,
1957 2824 2048 2874 sed
2065 2833 2121 2875 et
2131 2826 2418 2888 honestam,
2428 2841 2677 2878 verecun-

499 2906 639 2968 dam,
667 2921 728 2955 ac
757 2904 944 2955 nobilis
966 2906 1119 2955 animi
1139 2904 1418 2966 foemiuam,
1438 2920 1555 2969 qum
1576 2906 1871 2956 Menelaum
1891 2912 2189 2954 constanter
2209 2915 2425 2967 amaret,
2448 2921 2564 2971 qum
2586 2908 2678 2957 diu

501 2988 758 3036 reluctata
778 2984 992 3034 cederet
1022 2983 1231 3034 tandem
1255 2982 1466 3033 formosi
1490 2984 1769 3049 blandique
1806 2983 2012 3033 Paridis
2041 2984 2315 3041 illecebris,
2338 2987 2598 3051 invitoque
2620 2995 2680 3037 et

498 3066 721 3117 attonito
744 3065 928 3128 potius,
961 3077 1112 3128 quam
1132 3063 1258 3112 into
1280 3062 1467 3120 auimo,
1487 3061 1555 3112 ab
1577 3076 1642 3112 eo
1664 3062 2026 3113 abduceretur.
2094 3060 2179 3112 cf.
2202 3062 2357 3113 Ovid.
2378 3063 2511 3113 Her.
2536 3078 2677 3115 xvn.

500 3145 640 3196 Hinc
666 3145 898 3208 plurima
921 3144 1022 3193 illie
1047 3145 1308 3207 lacrymae,
1334 3142 1451 3192 hinc
1481 3141 1570 3191 illa
1593 3143 1918 3205 poenitentis,
1939 3142 2026 3191 ille
2052 3141 2236 3204 pudor,
2256 3141 2384 3190 illud
2405 3143 2675 3209 insupera-

498 3226 606 3275 bile
629 3224 813 3287 prioris
835 3225 930 3272 viri
954 3224 1279 3279 desiderium,
1302 3222 1436 3286 qnod
1459 3223 1512 3271 in
1533 3222 1737 3272 Helene
1760 3221 2038 3271 Homerica
2057 3228 2114 3271 et
2134 3221 2417 3285 Euripides
2436 3223 2677 3274 observa·

503 3312 617 3353 tur:
644 3302 748 3352 vid.
770 3301 985 3351 Homer.
1007 3301 1075 3351 n.
1097 3307 1148 3351 r.
1173 3306 1284 3352 140.
1305 3306 1418 3351 172.
1439 3308 1494 3351 et
1517 3300 1703 3350 nobilis
1725 3302 1866 3352 locus
1889 3300 1993 3350 vid.
2016 3304 2132 3352 ⁸99.
2155 3316 2271 3367 sqq.
2294 3303 2420 3352 item
2441 3303 2677 3367 Euripid-

498 3379 690 3434 Troad.
706 3385 822 3430 019.
844 3395 954 3445 sqq.
1006 3380 1156 3430 Idem
1176 3381 1449 3444 Euripides
1470 3381 1690 3431 Helenae
1712 3381 2055 3431 innocentiam
2074 3381 2287 3436 Fabula.
2305 3395 2421 3445 qum
2445 3381 2558 3445 ejus
2579 3396 2674 3431 ne-

499 3475 620 3512 men
642 3457 876 3524 prefert,
908 3459 1274 3521 declaraturus,
1307 3466 1418 3509 toto
1450 3457 1654 3523 quidem
1677 3461 1808 3509 coelo
1828 3458 1892 3508 ab
1916 3458 2194 3510 Homerica
2212 3461 2502 3511 narratione
2523 3460 2677 3510 aber·

499 3548 601 3605 rat,
632 3539 722 3590 sed
761 3548 932 3588 tamen
965 3551 1068 3586 nou
1107 3537 1358 3599 potuisset
1395 3537 1470 3586 sic
1507 3550 1619 3586 eam
1653 3536 1965 3599 describere,
1996 3537 2093 3587 nisi
2126 3539 2450 3589 verecundia
2472 3539 2676 3592 nomine

497 3629 625 3670 nota
662 3617 862 3668 fuisset.
930 3617 1114 3681 Neque
1150 3617 1237 3665 alii
1276 3616 1458 3666 Poeta
1500 3617 1656 3667 talem
1697 3617 1813 3680 ejus
1851 3617 2280 3681 vituperationem
2312 3619 2527 3682 babent,
2554 3621 2675 3684 nisi,

498 3700 635 3765 quod
673 3713 879 3749 causam
916 3696 1127 3747 fatalem
1162 3694 1322 3746 fuisse
1350 3696 1531 3745 dicunt
1551 3705 1744 3746 eversa
1765 3695 1955 3759 Trojae.
2017 3696 2083 3747 In
2104 3697 2216 3760 ipso
2237 3706 2414 3748 nostro
2436 3698 2675 3748 Carmine

500 3779 626 3828 nibil
648 3793 766 3827 cum
786 3776 983 3827 invidia
1005 3784 1095 3827 aut
1116 3783 1379 3827 contemtu
1402 3776 1649 3827 adversus
1670 3777 1808 3827 iliam
1831 3775 2025 3827 dictum
2050 3778 2297 3841 reperias.
2354 3777 2606 3840 Denique,
2627 3778 2673 3826 si

501 3858 624 3923 quid
657 3857 708 3906 iu
741 3871 798 3907 se
830 3857 1038 3909 admisit
1076 3856 1209 3922 vitii,
1244 3856 1368 3906 illud
1400 3870 1550 3907 omne
1586 3856 1652 3906 ad
1675 3855 1976 3907 muliebrem
2008 3854 2414 3906 imbecillitatem
2447 3854 2676 3908 referen-

502 3937 622 3987 dam
653 3938 773 3988 erit.
