3050 4875
473 368 605 434 192
1188 381 1256 440 Q.
1304 380 1621 428 nouam
1675 378 1935 430 resecr

651 523 1080 599 Demissum3
1128 524 1441 607 quamvis
1471 523 1714 608 clypeo
1739 523 2035 608 TroJana
2064 522 2277 588 refixo

732 627 1067 709 Tempora
1094 630 1403 703 testium,
1434 627 1598 690 nihil
1630 627 1806 690 ultra
1837 647 1843 654 ·

648 728 915 793 Nervus
941 732 1143 810 atque
1174 733 1392 790 cutem
1423 727 1626 792 morti
1655 730 2074 791 concesserat
2102 732 2304 804 atrae3

733 830 778 895 J
784 827 979 894 udiee
1009 835 1100 905 te,
1130 847 1267 891 uon
1294 828 1604 893 sordidus
1635 833 1866 892 auctor

480 1021 693 1066 teneturr
725 1030 990 1080 quanqum
1009 1017 1220 1065 detracto
1242 1019 1374 1062 scuto
1396 1028 1472 1062 res
1494 1013 1724 1073 Troianus
1745 1012 2041 1077 testificatus,
2057 1018 2232 1074 proeter
2253 1028 2420 1063 nerim
2439 1019 2487 1062 et
2498 1013 2667 1077 pelles·

480 1082 621 1143 nigro
640 1083 733 1130 leto
752 1080 876 1130 sistit
895 1079 1181 1140 tradiderat,
1195 1084 1246 1127 te
1264 1077 1464 1138 arbitro,
1496 1090 1589 1124 non
1612 1075 1834 1137 ignobilis
1854 1077 1990 1128 testis
2008 1082 2191 1127 natura.-
2212 1083 2259 1127 ιι
2280 1080 2512 1127 temeti&
2574 1078 2662 1128 Ve-

1398 1202 1757 1223 ennecone&

479 1288 713 1338 dunt—8
745 1286 857 1336 Alt.
884 1290 930 1336 1.
963 1287 1175 1335 numm
1194 1284 1248 1333 iu
1268 1288 1561 1336 aurose-12
1594 1284 1813 1335 Mentel.
1832 1291 1887 1334 et
1910 1285 2063 1334 Dess.
2083 1289 2133 1335 2.
2156 1285 2227 1334 nil
2245 1286 2517 1334 uum—14
2538 1285 2557 1312 ‘
2575 1285 2669 1333 Ju-

478 1353 583 1402 ds'ce
605 1358 654 1401 te
676 1351 883 1412 vulgata
905 1350 1127 1398 omnium
1151 1348 1275 1398 libb.
1300 1350 1476 1406 lectio,
1500 1348 1591 1398 sed
1629 1362 1781 1414 quum
1801 1356 2098 1412 corruptum
2138 1364 2248 1398 esse
2288 1347 2444 1398 facile
2476 1347 2669 1410 vident,

480 1416 569 1481 qui
592 1415 804 1479 cogitet,
828 1414 1110 1476 Archytam
1146 1414 1231 1461 vix
1269 1425 1418 1475 posse
1454 1412 1519 1461 ad
1560 1419 1770 1462 neutum
1798 1412 2195 1473 dicerezjttdiee
2228 1419 2289 1464 te.
2357 1413 2509 1462 Licet
2530 1412 2667 1462 enim

482 1479 620 1542 apud
646 1480 852 1541 vulgum
869 1477 1026 1526 etism
1047 1478 1098 1525 in
1121 1484 1271 1540 purte
1290 1474 1516 1526 inferiori
1540 1475 1708 1525 Italiae
1732 1490 1967 1540 magnum
1985 1475 2146 1526 fuisse
2160 1478 2337 1526 dicsut
2355 1477 2668 1539 Pythsgorae

484 1541 1008 1600 auctoritatem,illud
1034 1548 1204 1589 tumen
1238 1539 1388 1595 vslde
1423 1540 1680 1589 diversum
1719 1547 1775 1590 et
1816 1554 1978 1603 prope
2013 1542 2247 1604 ineptum
2287 1539 2451 1589 videri
2494 1548 2672 1604 quest,

480 1607 851 1669 Philosophum
876 1606 941 1653 de
967 1604 1279 1667 Pythagora
1303 1604 1642 1664 scholu,dum
1678 1604 1973 1666 magistrum
2010 1619 2155 1653 snum
2190 1605 2447 1654 extollere
2484 1614 2540 1652 et
2577 1603 2672 1652 im·

480 1672 796 1720 mortalitate
819 1669 1027 1732 dignum
1046 1667 1317 1718 declarare
1342 1669 1471 1729 vult,
1492 1668 1696 1716 leudem
1721 1669 1858 1717 illius
1883 1683 1945 1716 sc
1967 1668 2171 1730 merite,
2193 1683 2294 1718 uon
2318 1667 2384 1717 ud
2400 1667 2669 1728 suum,sed

484 1733 552 1784 ad
591 1733 821 1796 imperiti
857 1732 1091 1793 hominis,
1137 1739 1330 1792 uuntae,
1360 1733 1376 1760 ‘
1398 1730 1689 1794 judicium’
1724 1745 1984 1781 revocure.
2068 1732 2220 1785 Quod
2266 1732 2394 1781 bene
2431 1730 2669 1780 videntes

484 1799 600 1848 VV.
627 1799 747 1847 DD.
773 1803 942 1846 nsutae
962 1795 1129 1844 adhuc
1166 1797 1280 1844 haec
1322 1796 1492 1844 omniu
1531 1795 1884 1844 attribuerunt
1922 1810 2084 1860 usque
2121 1799 2187 1845 sd
2225 1811 2298 1845 vs.
2328 1800 2411 1847 20.
2443 1794 2534 1844 sed
2573 1797 2669 1843 hoc

485 1862 620 1911 mule
639 1859 774 1923 fieri,
798 1874 960 1911 nexus
979 1859 1350 1909 sententiarum
1374 1859 1548 1909 docet.
1614 1859 1805 1923 Itaque
1837 1860 2013 1908 Judiee
2033 1875 2107 1910 nte
2137 1861 2272 1923 conj.
2307 1860 2400 1908 vir.
2422 1859 2562 1909 doct.
2584 1874 2668 1921 sp.

487 1925 711 1988 Cuning.
735 1931 839 1973 tem
866 1922 1087 1973 feliciter
1115 1930 1170 1973 et
1203 1923 1591 1984 convenienter,
1628 1929 1686 1972 ut
1722 1937 1826 1971 non
1862 1923 2257 1987 dubitem,quiu
2298 1924 2407 1973 haec
2443 1938 2563 1972 vers
2601 1925 2669 1972 sit

484 1990 661 2038 lectio.
718 1988 1038 2038 Facillimum
1058 1987 1197 2035 euim
1220 1996 1350 2045 erat,
1374 1987 1655 2047 permutari
1678 1992 1726 2036 te
1746 1995 1799 2036 et
1822 2002 1912 2043 me,
1935 1988 2164 2050 inprimis
2187 1988 2230 2035 si
2255 1987 2491 2036 librarius
2517 1993 2666 2049 puts·

487 2062 589 2117 ret,
612 2058 820 2102 nautam
844 2052 1010 2100 adhuc
1032 2051 1191 2115 loqui.
1252 2051 1426 2100 dedice
1454 2067 1506 2100 se
1538 2051 1675 2114 conj.
1700 2065 1785 2114 sp.
1824 2050 2003 2101 Jones.
2028 2050 2162 2115 quod
2199 2059 2323 2102 tuuc
2357 2051 2423 2100 ud
2462 2058 2670 2100 eutece-

1470 2194 1685 2245 NOTA-2

486 2305 602 2341 cum
634 2305 699 2340 eo
735 2293 926 2341 versari
968 2291 1175 2341 solitum
1208 2300 1264 2343 et
1302 2290 1540 2356 colloqui.

488 2365 652 2416 Aiunt
668 2381 854 2430 nempe
869 2366 1098 2417 Minoem
1117 2367 1540 2431 regem,Creteu-

486 2443 629 2493 sibus
659 2443 783 2492 dure
821 2445 959 2507 leges
991 2444 1271 2505 volentem,
1299 2445 1352 2493 iu
1390 2452 1540 2494 sntro

484 2535 601 2570 sese
624 2521 936 2583 condidisse,
955 2521 1040 2572 ubi
1063 2537 1119 2572 se
1144 2538 1260 2572 cum
1277 2523 1409 2576 Jove
1432 2538 1542 2573 ser·

486 2598 796 2646 mocinutum
818 2594 1139 2660 predicavit,
1162 2605 1318 2662 atque
1341 2612 1408 2648 ex
1430 2600 1539 2663 ejus

486 2671 701 2720 consilio
724 2679 913 2720 cuncta
944 2672 1217 2720 statuisse:
1255 2687 1411 2735 porro
1431 2673 1542 2734 jus·

485 2747 620 2796 titiae
641 2744 779 2795 famu
801 2747 995 2796 clerum
1022 2746 1159 2810 apud
1180 2745 1383 2796 Inferos
1397 2747 1541 2809 judi-

487 2836 602 2871 cem
637 2837 669 2871 e
713 2822 939 2873 Plutone
979 2823 1332 2872 constitutum.
1400 2824 1539 2874 Hinc

488 2910 589 2946 uon
614 2896 702 2945 ebs
727 2910 783 2946 re
817 2897 1039 2946 credunt
1062 2897 1221 2962 aliqui
1247 2912 1340 2962 per
1370 2899 1541 2948 Jovem

486 2972 569 3022 bic
590 2971 867 3037 significari
892 2973 1184 3037 Plutonem,
1211 2975 1300 3039 qui
1332 2975 1539 3040 quidem

486 3046 503 3074 ‘
526 3046 741 3111 Jupiter
777 3047 1018 3114 Stygius'
1041 3065 1072 3100 s
1093 3049 1314 3114 Virgilio
1351 3049 1542 3100 dieitur

485 3124 688 3176 AEueid.
713 3136 792 3173 ιν.
814 3129 928 3175 638.

552 3200 838 3263 Habentqnoe
864 3203 1065 3252 Tartaru
1095 3203 1419 3267 Panthoiden]
1461 3204 1543 3252 Ex

488 3273 584 3324 bac
628 3276 785 3323 etism
833 3275 938 3324 vitu
979 3278 1149 3326 denuo
1193 3278 1369 3334 cessit,
1403 3276 1540 3341 jum-

488 3360 590 3411 que
622 3348 673 3396 in
698 3347 885 3398 Inferis
917 3348 1064 3412 degit
1102 3349 1541 3400 celebratissimus

487 3422 575 3471 ille
613 3423 1071 3485 transmigrationis
1102 3424 1385 3473 animarum
1418 3439 1541 3475 suc·

489 3505 571 3546 tor
611 3496 952 3560 Pythagorss,
972 3499 1056 3561 qui
1093 3512 1150 3547 se
1184 3496 1346 3548 fuisse
1371 3498 1542 3561 jucta-

488 3571 580 3620 bet
615 3571 948 3634 Euphorbum
973 3572 1197 3622 Pautboi
1221 3571 1379 3622 filium
1402 3575 1538 3638 apud

487 3646 712 3711 Trojum,
755 3653 913 3711 utque
946 3661 978 3697 e
1017 3648 1258 3697 Meuelso
1296 3647 1542 3698 iuterfec-

490 3728 597 3771 tum
619 3722 836 3771 subinde
858 3722 1129 3786 revixisse,
1144 3730 1197 3771 et
1214 3721 1410 3772 fectum
1435 3725 1541 3787 Py-

492 3796 786 3862 thagorum3
820 3797 977 3862 idque
1013 3798 1333 3848 intellexisse
1371 3799 1544 3864 agnito

490 3872 675 3935 clypeo
710 3886 861 3936 quem
885 3879 1117 3934 gestaret
1138 3876 1258 3923 olim
1280 3875 1330 3924 in
1363 3876 1543 3939 Troja-

488 3963 556 3997 no
579 3949 715 3999 bello
730 3949 851 3999 dum
875 3949 1176 4013 Euphorbus
1200 3960 1357 4002 esset.
1424 3954 1544 4016 Cly-

493 4038 620 4087 peus
655 4034 829 4075 sutem
867 4025 954 4076 ille
987 4034 1227 4092 repertus
1260 4026 1313 4077 in
1347 4029 1541 4093 templo

490 4099 600 4147 sive
619 4097 878 4161 Apollinis
917 4100 1057 4164 apud
1090 4101 1254 4151 Ceriae
1276 4102 1543 4166 oppidum,

491 4173 600 4223 sive
617 4173 833 4225 Juuouis
854 4175 994 4241 apud
1024 4175 1211 4242 Argos.
1246 4179 1395 4230 Prius
1416 4179 1545 4231 illud

1620 2289 1783 2341 refert
1815 2289 2040 2354 Diogen.
2060 2291 2232 2340 Luert.
2250 2290 2340 2340 lib.
2366 2303 2488 2340 vni.
2558 2288 2672 2356 Hoc

1622 2382 1745 2417 vero
1775 2369 2036 2430 posterius
2069 2367 2225 2417 Ovid.
2265 2367 2399 2416 Met.
2425 2380 2524 2416 xv.
2545 2367 2669 2416 Fsb.

1619 2447 1668 2492 3.
1738 2444 1818 2493 Ex
1851 2444 1927 2493 his
1964 2445 2120 2494 habes
2159 2444 2422 2509 explicate
2456 2459 2570 2509 quae
2593 2458 2674 2494 se·

1620 2526 1862 2583 quantur,
1883 2520 2056 2568 iterum
2080 2522 2203 2568 Orco
2218 2520 2483 2569 demissam.
2521 2521 2676 2581 Item,

1619 2596 1831 2657 quamvis
1850 2597 2006 2659 clypeo
2033 2595 2238 2656 Trojana
2264 2595 2413 2659 refixo
2448 2595 2675 2658 Tempora

1618 2673 1831 2719 testatus.
1867 2669 2024 2718 Ovid.
2044 2670 2134 2719 cit.
2149 2685 2223 2719 vs.
2237 2673 2348 2719 1⁵8.
2367 2670 2443 2719 sic
2459 2670 2675 2734 loquen-

1618 2751 1723 2793 tem
1768 2745 1967 2794 inducit
2018 2745 2404 2810 Pythagoram:
2456 2752 2472 2775 ⁸
2496 2747 2672 2795 Morte

1617 2828 1797 2869 carent
1821 2821 2022 2875 suimae,
2047 2835 2374 2885 semperque,
2395 2821 2567 2885 priore
2591 2836 2675 2870 re-

1620 2896 1743 2944 licta
1765 2895 1921 2959 Sede,
1943 2896 2086 2945 novis
2108 2895 2346 2946 domibus
2369 2898 2554 2945 vivunt
2585 2897 2674 2946 hs·

1618 2968 1892 3034 bitantque
1928 2979 2172 3034 receptte.
2238 2970 2361 3035 lpse
2398 2984 2495 3034 ego
2530 2974 2672 3034 (uam

1620 3044 1852 3106 memini)
1871 3045 2079 3109 Trojsui
2113 3053 2347 3110 tempore
2379 3046 2502 3096 belli
2537 3048 2677 3097 Pan·

1624 3120 1825 3170 thoides
1862 3120 2170 3184 Euphorbus
2211 3136 2386 3171 erum:
2421 3123 2505 3171 cui
2549 3136 2674 3186 pec·

1623 3204 1736 3247 tore
1756 3198 2013 3263 quondum
2036 3196 2207 3247 Haesit
2229 3198 2281 3247 iu
2317 3198 2536 3248 adverso
2558 3212 2674 3262 grs-

1623 3273 1697 3323 vis
1735 3275 1884 3323 bustu
1922 3274 2131 3323 minoris
2155 3274 2372 3325 Atridae.
2438 3274 2670 3339 Cognovi

1621 3351 1857 3414 clypeum
1883 3351 2026 3400 laevse
2043 3350 2327 3414 gestamina
2348 3358 2542 3401 nostrie
2562 3350 2674 3399 Nu-

1622 3439 1719 3487 per
1738 3424 1989 3475 Abanteis
2015 3426 2206 3490 templo
2228 3425 2445 3478 Junonis
2480 3426 2533 3475 in
2573 3425 2675 3475 Ar·

1621 3500 1737 3565 gis!

1689 3580 1749 3625 12
1785 3575 1928 3626 Nihil
1957 3577 2084 3626 ultra
2108 3577 2309 3636 Neri-os,
2329 3577 2437 3642 qt]
2486 3576 2674 3627 Animo

1620 3667 1826 3716 semper
1880 3655 2076 3717 vivens,
2140 3669 2359 3717 corpore
2415 3655 2674 3704 duntaxat

1621 3737 1852 3779 mortuus
1878 3744 1978 3778 uon
2018 3730 2194 3778 semel.
2255 3730 2343 3780 Sic
2377 3731 2674 3795 palingene-

1622 3805 1747 3854 siam
1778 3811 1833 3852 et
1870 3806 2335 3868 metempsychosin
2360 3807 2672 3870 Pythagora

1622 3877 1858 3943 explodit
1900 3887 2076 3928 noster
2116 3878 2299 3930 Poeta.
2343 3881 2477 3928 Vide
2522 3881 2674 3931 Pers.

1624 3955 1732 4003 Sat.
1749 3966 1825 4003 vr.
1841 3955 1920 4000 11.
1935 3952 2020 4001 ubi
2042 3959 2096 4002 et
2112 3954 2356 4005 annotavi
2370 3968 2472 4004 non
2493 3969 2676 4020 psucu.

1624 4029 1734 4079 Cic.
1756 4042 1795 4078 1.
1814 4027 1881 4078 de
1902 4028 2030 4079 Nat.
2051 4029 2216 4080 Deor.
2242 4029 2360 4080 Vel.
2385 4031 2529 4083 Μαι.
2550 4044 2675 4083 vur-

1620 4110 1669 4156 7.
1687 4107 1787 4156 διο.
