3050 4875
438 351 526 416 24
1361 366 1458 413 ιιι
1506 365 1686 413 νιτᾼ

530 510 855 582 Horatius
888 509 956 573 in
985 508 1289 574 exercitu
1314 505 1509 573 Bruti
1537 503 1877 572 Tribunus
1910 501 2204 569 Militum
2237 503 2354 585 ὥς
2405 520 2450 566 ι.
2481 503 2624 569 Sat.

438 613 503 677 6.
525 612 817 775 &tinius
846 709 1161 775 nascitur.
1249 707 1408 776 Non
1449 707 1662 772 multo
1708 714 1861 773 ante
1905 706 2316 790 Propertius.
2402 705 2629 771 Tibul·

439 813 545 878 lus
560 811 705 896 jam
739 831 801 876 a.
828 814 977 876 705.
1069 809 1210 874 Alii
1240 815 1460 874 tamen
1488 808 1700 873 aliter.

443 1022 529 1088 U.
562 1022 641 1088 G.
667 1023 818 1089 712.
884 1022 981 1086 Μ.
1013 1023 1327 1088 AEmilius
1354 1020 1656 1105 Lepidus
1701 1036 1777 1083 ιι.
1810 1018 1890 1083 L.
1923 1018 2273 1084 Munatius
2297 1017 2624 1082 Plancus

1124 1121 1212 1186 A.
1245 1121 1325 1186 C.
1352 1121 1462 1185 42.
1537 1120 1810 1185 Horatii
1838 1125 1947 1201 r}-

527 1263 794 1329 cit-‚111
838 1264 969 1328 od.
1017 1263 1124 1327 14.
1166 1264 1279 1328 fin.
1363 1262 1716 1326 Triumviri
1764 1259 2022 1326 Caesari
2050 1259 2316 1324 divinos
2345 1260 2630 1323 honores

440 1364 820 1442 decernunt,
865 1374 934 1428 et
981 1365 1068 1428 ab
1110 1382 1195 1429 eo
1239 1370 1536 1446 tempore
1564 1360 2032 1427 Octavianus‘
2064 1358 2477 1428 Divi’·filius
2508 1349 2620 1446 ap'

440 1463 747 1547 pellatur.
835 1463 969 1529 Dio
999 1480 1244 1530 xnvu.
1274 1462 1378 1527 18.
1408 1463 1514 1526 19.

526 1563 607 1628 L.
637 1564 857 1628 AElius
882 1563 1121 1628 Lamia
1151 1563 1407 1627 Praetor
1435 1571 1720 1628 creatur.
1807 1562 2057 1627 Incidit
2080 1555 2228 1626 rixa
2269 1562 2443 1625 inter
2484 1559 2632 1625 Ru-

441 1663 683 1750 pilium
726 1663 976 1746 Regem
1020 1671 1088 1729 et
1132 1664 1466 1741 Persium,
1518 1684 1742 1729 coram
1788 1665 1997 1730 Bruto
2046 1664 2320 1746 agitata,
2373 1653 2526 1727 cuni
2569 1665 2633 1728 is

444 1762 682 1828 Asiam
725 1770 1009 1846 teneret3
1078 1783 1279 1849 quam
1317 1765 1679 1848 descripsit
1727 1765 2054 1830 Horatius
2104 1781 2151 1825 ι.
2201 1763 2342 1828 Sat.
2392 1765 2457 1827 7.
2513 1783 2634 1828 nec

443 1873 664 1928 tamen
691 1865 848 1934 ideo
878 1865 966 1928 ad
997 1865 1173 1929 bunc
1202 1865 1426 1949 ipsum
1446 1885 1688 1930 annum
1721 1865 1979 1948 Ecloga
2004 1865 2364 1930 referenda.

528 1965 729 2030 Auno
773 1965 907 2029 fere
956 1971 1244 2031 exeunte
1296 1966 1404 2029 bis
1449 1973 1778 2050 pugnatur
1816 1965 1994 2048 apud
2043 1964 2425 2056 Philippos,
2453 1965 2522 2027 in
2551 1983 2636 2029 ea

447 2065 868 2131 Macedoniae
925 2074 1133 2150 parte,
1195 2086 1346 2150 quae
1414 2067 1573 2131 olim
1634 2066 1722 2131 ad
1790 2066 2143 2131 Thraciam
2211 2066 2634 2148 pertinuerat.

445 2167 691 2232 Brutus
732 2172 801 2230 et
842 2165 1118 2231 Cassius
1162 2168 1327 2231 victi
1367 2167 1455 2231 a'd
1499 2151 1777 2232 mortem
1809 2168 2317 2254 compelluntur.
2407 2166 2636 2230 Hora-

445 2269 584 2332 tius
613 2274 771 2352 post
800 2267 1081 2331 alterum
1107 2268 1407 2351 praelium
1436 2267 1599 2351 suga
1625 2269 1903 2334 salutem
1941 2268 2135 2351 petit.
2178 2266 2360 2332 Vide
2393 2283 2473 2331 ιι.
2505 2266 2636 2331 od.

445 2369 509 2431 7.
538 2369 604 2433 9.
692 2365 761 2432 N
767 2387 853 2431 ou
880 2366 1062 2430 aliud
1100 2367 1346 2432 bellum
1388 2370 1724 2435 cruentius
1754 2370 1941 2434 caede
1971 2369 2487 2433 clarissimorum
2518 2367 2638 2432 ho-

448 2470 700 2534 minum
746 2468 892 2534 fuit.
980 2469 1220 2534 Vellei.
1271 2488 1351 2536 ιι.
1389 2473 1498 2536 71.
1587 2471 1723 2536 Sed
1773 2471 2008 2535 eodem
2056 2468 2348 2553 tempore
2397 2468 2639 2534 classis

450 2569 833 2650 Octaviani,
864 2571 1034 2635 duce
1082 2572 1380 2637 Domitio
1429 2572 1742 2651 Calvino,
1789 2574 1856 2637 in
1898 2573 2062 2636 mari
2093 2571 2311 2651 Ionio,
2346 2591 2390 2636 a
2416 2564 2639 2635 Statio

451 2670 693 2737 Murco
720 2680 790 2736 et
820 2670 939 2737 Cn.
975 2672 1275 2738 Domitio
1305 2672 1751 2738 Ahenobarbo
1779 2672 2180 2757 profligatur.

536 2766 858 2865 Claudius
887 2772 1207 2839 Tiberius
1238 2774 1426 2840 Nero
1453 2775 1775 2854 nascitur,
1810 2790 1922 2839 111.
1955 2775 2112 2839 Kal.
2145 2773 2468 2839 Decemb.

641 2982 729 3049 U.
762 2983 841 3049 C.
868 2986 1020 3051 713.
1054 3060 1061 3068 ,
1107 2988 1186 3052 L.
1215 2985 1569 3055 Antonius.
1618 2989 1698 3055 Ρ.
1729 2989 2050 3083 Seruilius
2080 2988 2443 3054 Isauricus.

1132 3085 1218 3152 A.
1251 3088 1328 3154 Ο.
1357 3091 1467 3155 41.
1553 3089 1825 3155 Horatii
1851 3091 1958 3175 ἓξ.

537 3216 897 3283 Redeundi
940 3220 1331 3303 impunitate
1376 3223 1580 3287 victis
1629 3223 1883 3301 oblata,
1936 3221 2094 3287 dum
2143 3222 2357 3297 multi,
2404 3222 2471 3286 iu
2535 3222 2644 3287 his

452 3319 818 3401 Pompeius
848 3318 1225 3403 Grosphus,
1270 3320 1544 3411 Horatii
1590 3325 1843 3389 amicus
1881 3323 2072 3407 (vide
2119 3340 2201 3388 ιι.
2248 3322 2380 3387 Od.
2408 3321 2531 3407 7.),
2573 3324 2645 3387 ia
2723 3308 2732 3321 ’

454 3417 799 3485 Brutianis
828 3420 1126 3503 partibus
1155 3430 1446 3501 manent,
1477 3429 1677 3508 atque
1726 3443 1769 3488 a
1816 3425 2039 3489 Statio
2085 3423 2323 3489 Murco
2367 3424 2472 3488 vel
2516 3422 2643 3488 Cn.

451 3517 900 3605 Ahenobarbo
928 3522 1202 3605 recepti,
1233 3523 1321 3587 ad
1350 3523 1509 3589 Sex.
1535 3525 1941 3610 Pompeium
1985 3526 2056 3588 in
2087 3523 2390 3590 Siciliam
2422 3523 2648 3609 protu-

452 3621 643 3702 ginnt
686 3619 859 3706 (Dio
907 3638 1154 3686 xnvu.
1200 3629 1371 3689 extr.
1416 3624 1664 3691 Vellei.
1715 3644 1797 3691 ιι.
1838 3627 1948 3692 72.
1995 3634 2066 3691 et
2104 3623 2273 3711 76.)‚
2317 3626 2646 3692 Horatius

451 3720 649 3804 hujus
679 3722 836 3785 anni
864 3722 1060 3787 initio
1095 3725 1165 3788 in
1210 3724 1479 3790 Italiam
1523 3727 1717 3791 redit.
1806 3727 2124 3809 Magnam
2176 3726 2250 3789 in
2275 3727 2406 3791 hoc
2436 3726 2649 3793 reditu

453 3827 919 3905 tempestatem
959 3843 1197 3907 passus
1242 3827 1535 3892 creditur
1561 3829 1647 3893 ad
1679 3829 2064 3895 Palinurum
2093 3826 2645 3911 promontorium,

455 3926 526 3986 et
551 3922 682 3987 huo
702 3925 845 4008 jam
874 3922 1284 3990 Scholiastes
1330 3928 1543 3992 traxit
1585 3944 1700 3991 ιιι.
1730 3927 1861 3992 od.
1903 3929 1968 3991 4.
1999 3925 2107 3990 28.
2194 3925 2397 4005 Quod
2425 3933 2650 3993 tamen

446 4040 587 4088 ·non
615 4042 794 4106 opus
821 4031 953 4103 est,
982 4044 1133 4089 eum
1161 4027 1230 4090 in
1256 4027 1390 4093 isto
1408 4030 1624 4095 reditu
1647 4029 1905 4113 potius,
1932 4046 2134 4110 quam
2160 4027 2298 4092 alio
2330 4034 2649 4111 tempore,

454 4123 554 4190 ibi
581 4124 1018 4208 periclitatum
1059 4145 1233 4193 esse.
1326 4128 1495 4195 Item
1540 4129 1627 4196 ad
1667 4130 1914 4209 navim,
1958 4147 2093 4212 qua
2139 4128 2441 4209 redisset,
2482 4148 2648 4216 quo.-
