3050 4875
529 379 614 444 10
672 401 681 418 ·
834 403 867 423 ι
1116 393 1176 440 s.
1226 392 1300 440 M.
1348 387 1678 438 cussum
1733 389 2147 438 PRAEFA‘rlo.

529 555 665 601 non
698 535 980 620 probare
1024 533 1329 600 voluisse
1373 533 1728 618 quicquam
1752 556 1770 614 3
1796 534 1939 617 *sed
1972 534 2069 598 uti
2099 534 2183 598 de
2213 534 2379 598 meis
2412 535 2740 600 observa*-

529 638 844 714 tionibus,
895 636 995 701 ita
1052 634 1135 700 do
1187 635 1619 699 Baxterianis
1672 635 1988 717 integrum
2048 636 2277 700 lectori
2334 637 2733 720 relinquere.

532 741 776 823 Itaque
804 737 1079 821 iniquus
1108 735 1322 816 fuerit,
1355 736 1416 801 si
1443 739 1600 820 quis
1647 757 1888 819 cogere
1915 758 2022 801 me
2049 737 2216 802 velit
2240 737 2328 803 ad
2353 737 2736 823 praestanda

528 843 774 918 omnia,
828 858 980 924 quae
1033 839 1138 902 vir
1193 838 1629 904 doctissimus
1674 839 1926 922 posuit.
1998 837 2329 917 Ceterum,
2365 841 2547 924 quod
2581 839 2733 924 jam

526 943 737 1020 innui,
766 959 916 1007 eam
945 941 1092 1006 suis
1115 945 1219 1005 est
1238 940 1497 1006 meritis
1526 941 1907 1027 opinionem
1931 943 2339 1007 consecutus
2370 943 2730 1020 BuxternS,

532 1052 610 1107 ut
638 1061 859 1127 neque
907 1060 1059 1107 cum
1098 1042 1243 1107 siue
1274 1048 1447 1107 teste
1477 1042 1550 1106 in
1579 1062 1651 1107 re
1680 1043 2063 1127 antiquaria
2087 1042 2405 1128 loquitur,
2433 1043 2600 1110 fides
2630 1045 2733 1112 illi

531 1152 775 1211 temere
802 1143 1100 1227 neganda
1127 1141 1239 1212 sit.

618 1247 699 1312 In
727 1244 1096 1310 refutandis
1124 1243 1406 1309 aliorum
1434 1247 2105 1331 interpretationibus
2137 1247 2480 1313 rarissime
2520 1268 2730 1316 oecu-

528 1354 730 1434 pntus
758 1347 903 1429 sui3
946 1347 1122 1413 satis
1141 1347 1348 1413 habui
1391 1349 1463 1413 in
1502 1347 1591 1414 iis
1633 1349 1830 1429 locis,
1874 1369 2029 1434 quoe
2071 1369 2202 1414 non
2231 1356 2411 1415 recte
2440 1358 2730 1417 tractata

530 1451 832 1528 arbitror,
860 1468 1014 1515 eam
1043 1468 1293 1533 ponere
1323 1435 1752 1530 sententinm,
1776 1471 1933 1535 quae
1963 1469 2121 1516 vera
2148 1450 2311 1516 mibi
2328 1450 2591 1516 videtur
2621 1453 2732 1518 vel

532 1557 709 1618 certe
736 1552 891 1617 aliis
919 1551 1351 1635 probabilior.
1443 1551 1521 1617 Si
1564 1552 1726 1636 quid
1765 1553 1930 1618 mibi
1971 1547 2187 1618 invito
2215 1552 2564 1632 exciderit,
2593 1571 2728 1638 quo

531 1655 637 1720 vel
680 1654 949 1736 Religio
982 1655 1052 1718 in
1082 1654 1307 1719 Deum
1335 1655 1644 1735 laedatur,
1672 1655 1780 1721 vel
1810 1655 2240 1725 Humanitas,
2268 1655 2437 1721 illud
2466 1674 2552 1720 ne
2584 1655 2729 1722 dic·

530 1767 668 1824 tum
699 1757 876 1834 volo,
900 1761 969 1820 et
992 1775 1144 1821 mea
1174 1756 1429 1840 primus
1459 1759 1798 1825 sententia
1827 1759 2004 1825 ultro
2036 1757 2302 1825 damno.

655 1937 823 1989 scrib.
844 1937 1112 1998 Gottingae
1134 1950 1263 1988 xm.
1286 1938 1407 1989 Kal.
1426 1938 1621 1990 octob.

978 2031 1262 2069 cronoccu.
