<?xml version="1.0" encoding="UTF-8"?>
<!DOCTYPE html PUBLIC "-//W3C//DTD XHTML 1.0 Transitional//EN"
    "http://www.w3.org/TR/xhtml1/DTD/xhtml1-transitional.dtd">
<html xmlns="http://www.w3.org/1999/xhtml" xml:lang="en" lang="en">
 <head>
  <title>
</title>
<meta http-equiv="Content-Type" content="text/html;charset=utf-8" />
  <meta name='ocr-system' content='tesseract 3.04.00' />
  <meta name='ocr-capabilities' content='ocr_page ocr_carea ocr_par ocr_line ocrx_word'/>
</head>
<body>
  <div class='ocr_page' id='page_1' title='image "./quintihoratiifl10zeungoog/quintihoratiifl10zeungoog_0301.png"; bbox 0 0 3050 4875; ppageno 0'>
   <div class='ocr_carea' id='block_1_1' title="bbox 1024 394 1863 457">
    <p class='ocr_par' dir='ltr' id='par_1_1' title="bbox 1024 394 1863 457">
     <span class='ocr_line' id='line_1_1' title="bbox 1024 394 1863 457; baseline 0.001 -4"><span class='ocrx_word' id='word_1_1' title='bbox 1024 403 1431 453; x_wconf 66' lang='lat' dir='ltr'><strong>canutum«</strong></span> <span class='ocrx_word' id='word_1_2' title='bbox 1488 406 1630 454; x_wconf 73' lang='lat' dir='ltr'><strong>mn.</strong></span> <span class='ocrx_word' id='word_1_3' title='bbox 1676 406 1753 454; x_wconf 93' lang='grc' dir='ltr'><strong>ιι.</strong></span> <span class='ocrx_word' id='word_1_4' title='bbox 1800 394 1863 457; x_wconf 90' lang='lat' dir='ltr'><strong>l.</strong></span> 
     </span>
    </p>
   </div>
   <div class='ocr_carea' id='block_1_2' title="bbox 622 543 2552 832">
    <p class='ocr_par' dir='ltr' id='par_1_2' title="bbox 622 543 2552 832">
     <span class='ocr_line' id='line_1_2' title="bbox 625 543 2552 631; baseline 0.005 -24"><span class='ocrx_word' id='word_1_5' title='bbox 625 543 674 608; x_wconf 84' lang='lat' dir='ltr'><strong>J</strong></span> <span class='ocrx_word' id='word_1_6' title='bbox 678 563 826 622; x_wconf 89' lang='lat' dir='ltr'><strong>uno,</strong></span> <span class='ocrx_word' id='word_1_7' title='bbox 857 550 928 607; x_wconf 87' lang='lat' dir='ltr'><strong>et</strong></span> <span class='ocrx_word' id='word_1_8' title='bbox 957 544 1247 610; x_wconf 78' lang='lat' dir='ltr'><strong>Deorum</strong></span> <span class='ocrx_word' id='word_1_9' title='bbox 1273 547 1582 631; x_wconf 84' lang='lat' dir='ltr'><strong>quisquis</strong></span> <span class='ocrx_word' id='word_1_10' title='bbox 1616 549 1895 614; x_wconf 76' lang='lat' dir='ltr'><strong>amicior</strong></span> <span class='ocrx_word' id='word_1_11' title='bbox 2463 552 2552 617; x_wconf 76' lang='lat'><strong>25</strong></span> 
     </span>
     <span class='ocr_line' id='line_1_3' title="bbox 622 642 1732 730; baseline 0.007 -24"><span class='ocrx_word' id='word_1_12' title='bbox 622 642 809 707; x_wconf 79' lang='lat' dir='ltr'><strong>Afris</strong></span> <span class='ocrx_word' id='word_1_13' title='bbox 835 645 1048 709; x_wconf 76' lang='lat' dir='ltr'><strong>inulta</strong></span> <span class='ocrx_word' id='word_1_14' title='bbox 1075 654 1372 712; x_wconf 80' lang='lat' dir='ltr'><strong>cesserat</strong></span> <span class='ocrx_word' id='word_1_15' title='bbox 1394 649 1732 730; x_wconf 79' lang='lat' dir='ltr'><strong>impotens</strong></span> 
     </span>
     <span class='ocr_line' id='line_1_4' title="bbox 707 743 1678 832; baseline 0.008 -26"><span class='ocrx_word' id='word_1_16' title='bbox 707 743 1001 821; x_wconf 84' lang='lat' dir='ltr'><strong>Tellure,</strong></span> <span class='ocrx_word' id='word_1_17' title='bbox 1030 746 1360 811; x_wconf 84' lang='lat' dir='ltr'><strong>victorum</strong></span> <span class='ocrx_word' id='word_1_18' title='bbox 1390 757 1678 832; x_wconf 78' lang='lat' dir='ltr'><strong>nepotes</strong></span> 
     </span>
    </p>
   </div>
   <div class='ocr_carea' id='block_1_3' title="bbox 797 844 1760 933">
    <p class='ocr_par' dir='ltr' id='par_1_3' title="bbox 797 844 1760 933">
     <span class='ocr_line' id='line_1_5' title="bbox 797 844 1760 933; baseline 0.007 -24"><span class='ocrx_word' id='word_1_19' title='bbox 797 844 1358 913; x_wconf 66' lang='lat' dir='ltr'><strong>Retulibinserias</strong></span> <span class='ocrx_word' id='word_1_20' title='bbox 1387 849 1436 914; x_wconf 84' lang='lat' dir='ltr'><strong>J</strong></span> <span class='ocrx_word' id='word_1_21' title='bbox 1440 851 1760 933; x_wconf 79' lang='lat' dir='ltr'><strong>ugurthae.</strong></span> 
     </span>
    </p>
   </div>
   <div class='ocr_carea' id='block_1_4' title="bbox 367 1030 2552 1165">
    <p class='ocr_par' dir='ltr' id='par_1_4' title="bbox 367 1030 2552 1165">
     <span class='ocr_line' id='line_1_6' title="bbox 367 1030 2549 1101; baseline 0.004 -25"><span class='ocrx_word' id='word_1_22' title='bbox 367 1030 496 1080; x_wconf 74' lang='lat' dir='ltr'><strong>tonis</strong></span> <span class='ocrx_word' id='word_1_23' title='bbox 528 1032 683 1081; x_wconf 63' lang='lat' dir='ltr'><strong>anino</strong></span> <span class='ocrx_word' id='word_1_24' title='bbox 715 1032 910 1082; x_wconf 72' lang='lat' dir='ltr'><strong>invicto.</strong></span> <span class='ocrx_word' id='word_1_25' title='bbox 977 1034 1109 1083; x_wconf 74' lang='lat' dir='ltr'><strong>Jaao</strong></span> <span class='ocrx_word' id='word_1_26' title='bbox 1147 1035 1324 1097; x_wconf 67' lang='lat' dir='ltr'><strong>aliique</strong></span> <span class='ocrx_word' id='word_1_27' title='bbox 1343 1034 1434 1084; x_wconf 72' lang='lat' dir='ltr'><strong>Dii</strong></span> <span class='ocrx_word' id='word_1_28' title='bbox 1463 1033 1712 1095; x_wconf 68' lang='lat' dir='ltr'><strong>Africanis</strong></span> <span class='ocrx_word' id='word_1_29' title='bbox 1731 1035 1956 1097; x_wconf 63' lang='lat' dir='ltr'><strong>sames</strong></span> <span class='ocrx_word' id='word_1_30' title='bbox 1985 1037 2310 1099; x_wconf 70' lang='lat' dir='ltr'><strong>demigrarunt</strong></span> <span class='ocrx_word' id='word_1_31' title='bbox 2329 1036 2549 1101; x_wconf 71' lang='lat' dir='ltr'><strong>imperes,</strong></span> 
     </span>
     <span class='ocr_line' id='line_1_7' title="bbox 368 1096 2552 1165; baseline 0.004 -23"><span class='ocrx_word' id='word_1_32' title='bbox 368 1098 502 1144; x_wconf 71' lang='lat' dir='ltr'><strong>ten-a</strong></span> <span class='ocrx_word' id='word_1_33' title='bbox 521 1096 607 1145; x_wconf 74' lang='lat' dir='ltr'><strong>illa</strong></span> <span class='ocrx_word' id='word_1_34' title='bbox 627 1111 718 1146; x_wconf 84' lang='grc' dir='ltr'>ιιοιι</span> <span class='ocrx_word' id='word_1_35' title='bbox 736 1096 976 1146; x_wconf 66' lang='lat' dir='ltr'><strong>uindicata</strong></span> <span class='ocrx_word' id='word_1_36' title='bbox 993 1113 1013 1154; x_wconf 86' lang='lat'><strong>‚·</strong></span> <span class='ocrx_word' id='word_1_37' title='bbox 1042 1104 1097 1147; x_wconf 80' lang='lat' dir='ltr'><strong>at</strong></span> <span class='ocrx_word' id='word_1_38' title='bbox 1115 1100 1253 1148; x_wconf 71' lang='lat' dir='ltr'><strong>mdo</strong></span> <span class='ocrx_word' id='word_1_39' title='bbox 1284 1099 1515 1148; x_wconf 71' lang='lat' dir='ltr'><strong>victorum</strong></span> <span class='ocrx_word' id='word_1_40' title='bbox 1543 1104 1754 1162; x_wconf 81' lang='lat' dir='ltr'><strong>posteros</strong></span> <span class='ocrx_word' id='word_1_41' title='bbox 1781 1101 2041 1161; x_wconf 61' lang='lat' dir='ltr'><strong>‹lag-rste</strong></span> <span class='ocrx_word' id='word_1_42' title='bbox 2061 1106 2399 1165; x_wconf 70' lang='lat' dir='ltr'><strong>representavit</strong></span> <span class='ocrx_word' id='word_1_43' title='bbox 2428 1100 2552 1163; x_wconf 72' lang='lat' dir='ltr'><strong>inse·</strong></span> 
     </span>
    </p>
   </div>
   <div class='ocr_carea' id='block_1_5' title="bbox 1264 1225 1322 1246">
    <p class='ocr_par' dir='ltr' id='par_1_5' title="bbox 1264 1225 1322 1246">
     <span class='ocr_line' id='line_1_8' title="bbox 1264 1225 1322 1246; baseline -0.034 0"><span class='ocrx_word' id='word_1_44' title='bbox 1264 1225 1322 1246; x_wconf 66' lang='lat' dir='ltr'><strong>OO</strong></span> 
     </span>
    </p>
   </div>
   <div class='ocr_carea' id='block_1_6' title="bbox 1331 1225 1597 1247">
    <p class='ocr_par' dir='ltr' id='par_1_6' title="bbox 1331 1225 1597 1247">
     <span class='ocr_line' id='line_1_9' title="bbox 1331 1225 1597 1247; baseline 0 3628"><span class='ocrx_word' id='word_1_45' title='bbox 1331 1225 1597 1247; x_wconf 95' lang='lat' dir='ltr'><strong> </strong></span> 
     </span>
    </p>
   </div>
   <div class='ocr_carea' id='block_1_7' title="bbox 1598 1225 1629 1246">
    <p class='ocr_par' dir='ltr' id='par_1_7' title="bbox 1598 1225 1629 1246">
     <span class='ocr_line' id='line_1_10' title="bbox 1598 1225 1629 1246; baseline 0 0"><span class='ocrx_word' id='word_1_46' title='bbox 1598 1225 1629 1246; x_wconf 64' lang='lat' dir='ltr'><em>O</em></span> 
     </span>
    </p>
   </div>
   <div class='ocr_carea' id='block_1_8' title="bbox 365 1315 2555 1580">
    <p class='ocr_par' dir='ltr' id='par_1_8' title="bbox 365 1315 2555 1580">
     <span class='ocr_line' id='line_1_11' title="bbox 365 1315 2552 1390; baseline 0.005 -26"><span class='ocrx_word' id='word_1_47' title='bbox 365 1317 470 1365; x_wconf 68' lang='lat' dir='ltr'><strong>eius</strong></span> <span class='ocrx_word' id='word_1_48' title='bbox 488 1315 612 1368; x_wconf 84' lang='lat' dir='ltr'><strong>Var.</strong></span> <span class='ocrx_word' id='word_1_49' title='bbox 634 1319 780 1369; x_wconf 87' lang='lat' dir='ltr'><strong>Lect.</strong></span> <span class='ocrx_word' id='word_1_50' title='bbox 800 1333 884 1383; x_wconf 85' lang='lat' dir='ltr'><strong>ap.</strong></span> <span class='ocrx_word' id='word_1_51' title='bbox 906 1320 1238 1373; x_wconf 57' lang='lat' dir='ltr'><strong>,Ionem—26.</strong></span> <span class='ocrx_word' id='word_1_52' title='bbox 1270 1328 1334 1374; x_wconf 76' lang='lat'><strong>2⁷</strong></span> <span class='ocrx_word' id='word_1_53' title='bbox 1369 1324 1501 1375; x_wconf 88' lang='lat' dir='ltr'><strong>Post</strong></span> <span class='ocrx_word' id='word_1_54' title='bbox 1523 1324 1666 1386; x_wconf 74' lang='lat' dir='ltr'><strong>Afris</strong></span> <span class='ocrx_word' id='word_1_55' title='bbox 1687 1339 1906 1385; x_wconf 87' lang='lat' dir='ltr'><strong>comma,</strong></span> <span class='ocrx_word' id='word_1_56' title='bbox 1940 1333 1997 1374; x_wconf 89' lang='lat' dir='ltr'><strong>et</strong></span> <span class='ocrx_word' id='word_1_57' title='bbox 2034 1331 2149 1388; x_wconf 86' lang='lat' dir='ltr'><strong>post</strong></span> <span class='ocrx_word' id='word_1_58' title='bbox 2175 1326 2361 1375; x_wconf 70' lang='lat' dir='ltr'><strong>Tellure</strong></span> <span class='ocrx_word' id='word_1_59' title='bbox 2393 1326 2552 1390; x_wconf 82' lang='lat' dir='ltr'><strong>majo·</strong></span> 
     </span>
     <span class='ocr_line' id='line_1_12' title="bbox 369 1381 2548 1452; baseline 0.005 -26"><span class='ocrx_word' id='word_1_60' title='bbox 369 1392 478 1428; x_wconf 81' lang='lat' dir='ltr'><strong>rem</strong></span> <span class='ocrx_word' id='word_1_61' title='bbox 513 1381 898 1433; x_wconf 70' lang='lat' dir='ltr'><strong>distinctionem</strong></span> <span class='ocrx_word' id='word_1_62' title='bbox 940 1393 1138 1448; x_wconf 88' lang='lat' dir='ltr'><strong>ponunt</strong></span> <span class='ocrx_word' id='word_1_63' title='bbox 1174 1389 1352 1437; x_wconf 74' lang='lat' dir='ltr'><strong>multae</strong></span> <span class='ocrx_word' id='word_1_64' title='bbox 1397 1389 1516 1438; x_wconf 82' lang='lat' dir='ltr'><strong>edd.</strong></span> <span class='ocrx_word' id='word_1_65' title='bbox 1559 1396 1689 1438; x_wconf 81' lang='lat' dir='ltr'><strong>vett.</strong></span> <span class='ocrx_word' id='word_1_66' title='bbox 1725 1402 1841 1438; x_wconf 87' lang='lat' dir='ltr'><strong>cum</strong></span> <span class='ocrx_word' id='word_1_67' title='bbox 1882 1389 2064 1438; x_wconf 81' lang='lat' dir='ltr'><strong>Lamb.</strong></span> <span class='ocrx_word' id='word_1_68' title='bbox 2105 1390 2266 1452; x_wconf 83' lang='lat' dir='ltr'><strong>Cruq.</strong></span> <span class='ocrx_word' id='word_1_69' title='bbox 2300 1390 2548 1440; x_wconf 83' lang='lat' dir='ltr'><strong>Torreut.</strong></span> 
     </span>
     <span class='ocr_line' id='line_1_13' title="bbox 370 1442 2555 1513; baseline 0.004 -22"><span class='ocrx_word' id='word_1_70' title='bbox 370 1442 553 1493; x_wconf 84' lang='lat' dir='ltr'><strong>Heius.</strong></span> <span class='ocrx_word' id='word_1_71' title='bbox 589 1447 651 1495; x_wconf 77' lang='lat' dir='ltr'><strong>R.</strong></span> <span class='ocrx_word' id='word_1_72' title='bbox 691 1458 747 1496; x_wconf 85' lang='lat' dir='ltr'><strong>et</strong></span> <span class='ocrx_word' id='word_1_73' title='bbox 781 1447 850 1496; x_wconf 78' lang='grc' dir='ltr'><strong>Η.</strong></span> <span class='ocrx_word' id='word_1_74' title='bbox 887 1449 1069 1511; x_wconf 84' lang='lat' dir='ltr'><strong>Steph.</strong></span> <span class='ocrx_word' id='word_1_75' title='bbox 1101 1452 1293 1513; x_wconf 80' lang='lat' dir='ltr'><strong>Delph.</strong></span> <span class='ocrx_word' id='word_1_76' title='bbox 1332 1453 1502 1501; x_wconf 85' lang='lat' dir='ltr'><strong>Bond.</strong></span> <span class='ocrx_word' id='word_1_77' title='bbox 1539 1453 1805 1502; x_wconf 82' lang='lat' dir='ltr'><strong>Schrevel.</strong></span> <span class='ocrx_word' id='word_1_78' title='bbox 1842 1452 2002 1501; x_wconf 79' lang='lat' dir='ltr'><strong>Baxt.</strong></span> <span class='ocrx_word' id='word_1_79' title='bbox 2038 1452 2219 1502; x_wconf 87' lang='lat' dir='ltr'><strong>Comb.</strong></span> <span class='ocrx_word' id='word_1_80' title='bbox 2259 1460 2316 1500; x_wconf 87' lang='lat' dir='ltr'><strong>et</strong></span> <span class='ocrx_word' id='word_1_81' title='bbox 2352 1451 2555 1501; x_wconf 75' lang='lat' dir='ltr'><strong>Wakef-</strong></span> 
     </span>
     <span class='ocr_line' id='line_1_14' title="bbox 370 1507 2552 1580; baseline 0.004 -24"><span class='ocrx_word' id='word_1_82' title='bbox 370 1507 386 1533; x_wconf 89' lang='lat'>‘</span> <span class='ocrx_word' id='word_1_83' title='bbox 403 1509 563 1558; x_wconf 83' lang='lat' dir='ltr'><strong>male:</strong></span> <span class='ocrx_word' id='word_1_84' title='bbox 600 1523 701 1559; x_wconf 85' lang='lat' dir='ltr'><strong>una</strong></span> <span class='ocrx_word' id='word_1_85' title='bbox 722 1514 980 1562; x_wconf 83' lang='lat' dir='ltr'><strong>sententia</strong></span> <span class='ocrx_word' id='word_1_86' title='bbox 1001 1512 1116 1564; x_wconf 85' lang='lat' dir='ltr'><strong>est.&#39;</strong></span> <span class='ocrx_word' id='word_1_87' title='bbox 1133 1514 1404 1565; x_wconf 51' lang='lat' dir='ltr'><strong>‹lant—20</strong></span> <span class='ocrx_word' id='word_1_88' title='bbox 1437 1516 1668 1579; x_wconf 70' lang='lat' dir='ltr'><strong>Rettulit,</strong></span> <span class='ocrx_word' id='word_1_89' title='bbox 1685 1523 1745 1566; x_wconf 90' lang='lat' dir='ltr'><strong>ut</strong></span> <span class='ocrx_word' id='word_1_90' title='bbox 1768 1516 1891 1569; x_wconf 81' lang='lat' dir='ltr'><strong>alias</strong></span> <span class='ocrx_word' id='word_1_91' title='bbox 1923 1519 1939 1545; x_wconf 79' lang='lat'>⁸</span> <span class='ocrx_word' id='word_1_92' title='bbox 1960 1516 2198 1579; x_wconf 80' lang='lat' dir='ltr'><strong>relligio,&#39;</strong></span> <span class='ocrx_word' id='word_1_93' title='bbox 2228 1522 2246 1545; x_wconf 81' lang='grc'><em>·</em></span> <span class='ocrx_word' id='word_1_94' title='bbox 2263 1514 2552 1580; x_wconf 70' lang='grc' dir='ltr'>τεΙΙίφιὶιυ,’</span> 
     </span>
    </p>
   </div>
   <div class='ocr_carea' id='block_1_9' title="bbox 1345 1643 1561 1695">
    <p class='ocr_par' dir='ltr' id='par_1_9' title="bbox 1345 1643 1561 1695">
     <span class='ocr_line' id='line_1_15' title="bbox 1345 1643 1561 1695; baseline 0 0"><span class='ocrx_word' id='word_1_95' title='bbox 1345 1643 1561 1695; x_wconf 75' lang='lat' dir='ltr'><strong>No&#39;rAE</strong></span> 
     </span>
    </p>
   </div>
   <div class='ocr_carea' id='block_1_10' title="bbox 362 1731 1422 4201">
    <p class='ocr_par' dir='ltr' id='par_1_10' title="bbox 364 1731 1417 1874">
     <span class='ocr_line' id='line_1_16' title="bbox 364 1731 1417 1804; baseline 0.009 -23"><span class='ocrx_word' id='word_1_96' title='bbox 364 1731 510 1783; x_wconf 84' lang='lat' dir='ltr'><strong>flecti</strong></span> <span class='ocrx_word' id='word_1_97' title='bbox 531 1733 777 1795; x_wconf 75' lang='lat' dir='ltr'><strong>nescium,</strong></span> <span class='ocrx_word' id='word_1_98' title='bbox 809 1735 1033 1802; x_wconf 87' lang='lat' dir='ltr'><strong>denique</strong></span> <span class='ocrx_word' id='word_1_99' title='bbox 1059 1738 1242 1790; x_wconf 74' lang='lat' dir='ltr'><strong>Fortia</strong></span> <span class='ocrx_word' id='word_1_100' title='bbox 1263 1746 1417 1804; x_wconf 71' lang='lat' dir='ltr'><strong>gente</strong></span> 
     </span>
     <span class='ocr_line' id='line_1_17' title="bbox 366 1811 1047 1874; baseline 0.004 -15"><span class='ocrx_word' id='word_1_101' title='bbox 366 1823 430 1859; x_wconf 84' lang='lat' dir='ltr'><strong>ac</strong></span> <span class='ocrx_word' id='word_1_102' title='bbox 452 1811 730 1860; x_wconf 79' lang='lat' dir='ltr'><strong>severitate</strong></span> <span class='ocrx_word' id='word_1_103' title='bbox 753 1811 1047 1874; x_wconf 83' lang='lat' dir='ltr'><strong>superbum.</strong></span> 
     </span>
    </p>

    <p class='ocr_par' dir='ltr' id='par_1_11' title="bbox 362 1884 1422 3596">
     <span class='ocr_line' id='line_1_18' title="bbox 431 1884 1417 1951; baseline 0.009 -20"><span class='ocrx_word' id='word_1_104' title='bbox 431 1888 494 1932; x_wconf 76' lang='lat'><strong>25</strong></span> <span class='ocrx_word' id='word_1_105' title='bbox 526 1884 674 1947; x_wconf 75' lang='lat' dir='ltr'><strong>Jttao,</strong></span> <span class='ocrx_word' id='word_1_106' title='bbox 695 1890 740 1934; x_wconf 75' lang='lat' dir='ltr'><strong>et</strong></span> <span class='ocrx_word' id='word_1_107' title='bbox 763 1885 975 1935; x_wconf 68' lang='lat' dir='ltr'><strong>Deorum</strong></span> <span class='ocrx_word' id='word_1_108' title='bbox 994 1889 1206 1951; x_wconf 75' lang='lat' dir='ltr'><strong>quisquis</strong></span> <span class='ocrx_word' id='word_1_109' title='bbox 1223 1891 1417 1939; x_wconf 63' lang='lat' dir='ltr'><strong>audcior</strong></span> 
     </span>
     <span class='ocr_line' id='line_1_19' title="bbox 366 1958 1416 2026; baseline 0.01 -20"><span class='ocrx_word' id='word_1_110' title='bbox 366 1958 522 2018; x_wconf 60' lang='lat' dir='ltr'><strong>Astis,</strong></span> <span class='ocrx_word' id='word_1_111' title='bbox 542 1958 649 2023; x_wconf 58' lang='grc' dir='ltr'><strong>ξω]</strong></span> <span class='ocrx_word' id='word_1_112' title='bbox 681 1961 770 2008; x_wconf 89' lang='lat' dir='ltr'><strong>Dii</strong></span> <span class='ocrx_word' id='word_1_113' title='bbox 797 1962 886 2026; x_wconf 92' lang='lat' dir='ltr'><strong>qui</strong></span> <span class='ocrx_word' id='word_1_114' title='bbox 923 1964 1161 2013; x_wconf 85' lang='lat' dir='ltr'><strong>Numidis</strong></span> <span class='ocrx_word' id='word_1_115' title='bbox 1196 1966 1248 2014; x_wconf 89' lang='lat' dir='ltr'><strong>iu</strong></span> <span class='ocrx_word' id='word_1_116' title='bbox 1280 1966 1416 2016; x_wconf 85' lang='lat' dir='ltr'><strong>bello</strong></span> 
     </span>
     <span class='ocr_line' id='line_1_20' title="bbox 363 2032 1416 2099; baseline 0.006 -14"><span class='ocrx_word' id='word_1_117' title='bbox 363 2033 677 2097; x_wconf 71' lang='lat' dir='ltr'><strong>Juguruuno</strong></span> <span class='ocrx_word' id='word_1_118' title='bbox 715 2032 972 2099; x_wconf 73' lang='lat' dir='ltr'><strong>faverant,</strong></span> <span class='ocrx_word' id='word_1_119' title='bbox 1006 2052 1122 2088; x_wconf 90' lang='lat' dir='ltr'><strong>cum</strong></span> <span class='ocrx_word' id='word_1_120' title='bbox 1167 2048 1290 2089; x_wconf 89' lang='lat' dir='ltr'><strong>tuuc</strong></span> <span class='ocrx_word' id='word_1_121' title='bbox 1328 2055 1416 2091; x_wconf 83' lang='lat' dir='ltr'><strong>eos</strong></span> 
     </span>
     <span class='ocr_line' id='line_1_21' title="bbox 364 2110 1417 2179; baseline 0.008 -20"><span class='ocrx_word' id='word_1_122' title='bbox 364 2110 645 2162; x_wconf 77' lang='lat' dir='ltr'><strong>defendere</strong></span> <span class='ocrx_word' id='word_1_123' title='bbox 687 2128 789 2163; x_wconf 89' lang='lat' dir='ltr'><strong>non</strong></span> <span class='ocrx_word' id='word_1_124' title='bbox 841 2123 1072 2177; x_wconf 81' lang='lat' dir='ltr'><strong>possent,</strong></span> <span class='ocrx_word' id='word_1_125' title='bbox 1112 2116 1417 2179; x_wconf 78' lang='lat' dir='ltr'><strong>urgentibus</strong></span> 
     </span>
     <span class='ocr_line' id='line_1_22' title="bbox 364 2184 1417 2253; baseline 0.006 -19"><span class='ocrx_word' id='word_1_126' title='bbox 364 2186 601 2235; x_wconf 85' lang='lat' dir='ltr'><strong>nimirum</strong></span> <span class='ocrx_word' id='word_1_127' title='bbox 623 2184 765 2249; x_wconf 81' lang='lat' dir='ltr'><strong>fatis,</strong></span> <span class='ocrx_word' id='word_1_128' title='bbox 788 2203 1006 2253; x_wconf 88' lang='lat' dir='ltr'><strong>cumque</strong></span> <span class='ocrx_word' id='word_1_129' title='bbox 1028 2190 1245 2239; x_wconf 84' lang='lat' dir='ltr'><strong>amicam</strong></span> <span class='ocrx_word' id='word_1_130' title='bbox 1269 2191 1417 2240; x_wconf 88' lang='lat' dir='ltr'><strong>ulcis·</strong></span> 
     </span>
     <span class='ocr_line' id='line_1_23' title="bbox 363 2260 1418 2321; baseline 0.004 -11"><span class='ocrx_word' id='word_1_131' title='bbox 363 2260 415 2310; x_wconf 80' lang='lat' dir='ltr'><strong>ci</strong></span> <span class='ocrx_word' id='word_1_132' title='bbox 438 2268 625 2310; x_wconf 76' lang='lat' dir='ltr'><strong>terram</strong></span> <span class='ocrx_word' id='word_1_133' title='bbox 650 2275 711 2310; x_wconf 86' lang='lat' dir='ltr'><strong>ac</strong></span> <span class='ocrx_word' id='word_1_134' title='bbox 731 2269 939 2321; x_wconf 76' lang='lat' dir='ltr'><strong>gentem</strong></span> <span class='ocrx_word' id='word_1_135' title='bbox 975 2263 1127 2312; x_wconf 84' lang='lat' dir='ltr'><strong>ruodo</strong></span> <span class='ocrx_word' id='word_1_136' title='bbox 1160 2278 1260 2313; x_wconf 89' lang='lat' dir='ltr'><strong>non</strong></span> <span class='ocrx_word' id='word_1_137' title='bbox 1295 2264 1418 2315; x_wconf 83' lang='lat' dir='ltr'><strong>lice·</strong></span> 
     </span>
     <span class='ocr_line' id='line_1_24' title="bbox 364 2337 1419 2398; baseline 0.005 -14"><span class='ocrx_word' id='word_1_138' title='bbox 364 2344 465 2398; x_wconf 83' lang='lat' dir='ltr'><strong>ret,</strong></span> <span class='ocrx_word' id='word_1_139' title='bbox 484 2352 630 2386; x_wconf 86' lang='lat' dir='ltr'><strong>suum</strong></span> <span class='ocrx_word' id='word_1_140' title='bbox 654 2337 705 2385; x_wconf 92' lang='lat' dir='ltr'><strong>in</strong></span> <span class='ocrx_word' id='word_1_141' title='bbox 730 2337 987 2386; x_wconf 80' lang='lat' dir='ltr'><strong>Romanos</strong></span> <span class='ocrx_word' id='word_1_142' title='bbox 1009 2337 1184 2387; x_wconf 85' lang='lat' dir='ltr'><strong>odium</strong></span> <span class='ocrx_word' id='word_1_143' title='bbox 1208 2337 1419 2389; x_wconf 85' lang='lat' dir='ltr'><strong>distule-</strong></span> 
     </span>
     <span class='ocr_line' id='line_1_25' title="bbox 364 2411 1419 2479; baseline 0.003 -19"><span class='ocrx_word' id='word_1_144' title='bbox 364 2420 504 2474; x_wconf 85' lang='lat' dir='ltr'><strong>runt,</strong></span> <span class='ocrx_word' id='word_1_145' title='bbox 530 2411 837 2476; x_wconf 82' lang='lat' dir='ltr'><strong>tandemque</strong></span> <span class='ocrx_word' id='word_1_146' title='bbox 859 2412 1225 2476; x_wconf 82' lang='lat' dir='ltr'><strong>expleverunt,</strong></span> <span class='ocrx_word' id='word_1_147' title='bbox 1258 2428 1419 2479; x_wconf 88' lang='lat' dir='ltr'><strong>quau·</strong></span> 
     </span>
     <span class='ocr_line' id='line_1_26' title="bbox 365 2486 1417 2552; baseline 0.003 -16"><span class='ocrx_word' id='word_1_148' title='bbox 365 2486 436 2537; x_wconf 83' lang='lat' dir='ltr'><strong>do</strong></span> <span class='ocrx_word' id='word_1_149' title='bbox 459 2488 681 2538; x_wconf 80' lang='lat' dir='ltr'><strong>victores</strong></span> <span class='ocrx_word' id='word_1_150' title='bbox 704 2489 840 2551; x_wconf 86' lang='lat' dir='ltr'><strong>ipsos</strong></span> <span class='ocrx_word' id='word_1_151' title='bbox 873 2497 964 2538; x_wconf 84' lang='lat' dir='ltr'><strong>aut</strong></span> <span class='ocrx_word' id='word_1_152' title='bbox 998 2503 1174 2538; x_wconf 86' lang='lat' dir='ltr'><strong>eorum</strong></span> <span class='ocrx_word' id='word_1_153' title='bbox 1198 2497 1417 2552; x_wconf 85' lang='lat' dir='ltr'><strong>nepotes</strong></span> 
     </span>
     <span class='ocr_line' id='line_1_27' title="bbox 364 2561 1415 2628; baseline 0.002 -17"><span class='ocrx_word' id='word_1_154' title='bbox 364 2564 510 2613; x_wconf 78' lang='lat' dir='ltr'><strong>velut</strong></span> <span class='ocrx_word' id='word_1_155' title='bbox 542 2563 732 2613; x_wconf 84' lang='lat' dir='ltr'><strong>hostias</strong></span> <span class='ocrx_word' id='word_1_156' title='bbox 757 2571 1068 2625; x_wconf 71' lang='lat' dir='ltr'><strong>mactarunt,</strong></span> <span class='ocrx_word' id='word_1_157' title='bbox 1092 2572 1250 2628; x_wconf 86' lang='lat' dir='ltr'><strong>atque</strong></span> <span class='ocrx_word' id='word_1_158' title='bbox 1284 2561 1415 2613; x_wconf 82' lang='lat' dir='ltr'><strong>infe·</strong></span> 
     </span>
     <span class='ocr_line' id='line_1_28' title="bbox 363 2637 1417 2700; baseline 0.002 -14"><span class='ocrx_word' id='word_1_159' title='bbox 363 2639 468 2687; x_wconf 88' lang='lat' dir='ltr'><strong>rias</strong></span> <span class='ocrx_word' id='word_1_160' title='bbox 506 2638 775 2700; x_wconf 68' lang='lat' dir='ltr'><strong>Jugurthm</strong></span> <span class='ocrx_word' id='word_1_161' title='bbox 813 2646 869 2688; x_wconf 86' lang='lat' dir='ltr'><strong>et</strong></span> <span class='ocrx_word' id='word_1_162' title='bbox 909 2637 1145 2688; x_wconf 82' lang='lat' dir='ltr'><strong>Afrorum</strong></span> <span class='ocrx_word' id='word_1_163' title='bbox 1184 2640 1417 2689; x_wconf 87' lang='lat' dir='ltr'><strong>manibus</strong></span> 
     </span>
     <span class='ocr_line' id='line_1_29' title="bbox 362 2711 1417 2776; baseline 0.002 -14"><span class='ocrx_word' id='word_1_164' title='bbox 362 2713 418 2762; x_wconf 89' lang='lat' dir='ltr'><strong>in</strong></span> <span class='ocrx_word' id='word_1_165' title='bbox 464 2711 643 2762; x_wconf 82' lang='lat' dir='ltr'><strong>Africa</strong></span> <span class='ocrx_word' id='word_1_166' title='bbox 686 2713 796 2776; x_wconf 82' lang='lat' dir='ltr'><strong>ipsa</strong></span> <span class='ocrx_word' id='word_1_167' title='bbox 832 2713 1089 2763; x_wconf 82' lang='lat' dir='ltr'><strong>dederunt</strong></span> <span class='ocrx_word' id='word_1_168' title='bbox 1125 2729 1187 2764; x_wconf 87' lang='lat' dir='ltr'><strong>ac</strong></span> <span class='ocrx_word' id='word_1_169' title='bbox 1228 2716 1417 2765; x_wconf 85' lang='lat' dir='ltr'><strong>retule-</strong></span> 
     </span>
     <span class='ocr_line' id='line_1_30' title="bbox 364 2788 1417 2853; baseline 0 -15"><span class='ocrx_word' id='word_1_170' title='bbox 364 2797 521 2849; x_wconf 78' lang='lat' dir='ltr'><strong>runt3</strong></span> <span class='ocrx_word' id='word_1_171' title='bbox 554 2796 662 2838; x_wconf 86' lang='lat' dir='ltr'><strong>tum</strong></span> <span class='ocrx_word' id='word_1_172' title='bbox 697 2803 881 2851; x_wconf 80' lang='lat' dir='ltr'><strong>nempe</strong></span> <span class='ocrx_word' id='word_1_173' title='bbox 915 2803 1030 2838; x_wconf 90' lang='lat' dir='ltr'><strong>cum</strong></span> <span class='ocrx_word' id='word_1_174' title='bbox 1062 2788 1128 2838; x_wconf 82' lang='lat' dir='ltr'><strong>ad</strong></span> <span class='ocrx_word' id='word_1_175' title='bbox 1157 2790 1417 2853; x_wconf 82' lang='lat' dir='ltr'><strong>Thapsum</strong></span> 
     </span>
     <span class='ocr_line' id='line_1_31' title="bbox 363 2861 1419 2931; baseline 0.003 -19"><span class='ocrx_word' id='word_1_176' title='bbox 363 2864 544 2913; x_wconf 88' lang='lat' dir='ltr'><strong>urbem</strong></span> <span class='ocrx_word' id='word_1_177' title='bbox 588 2861 781 2913; x_wconf 68' lang='lat' dir='ltr'><strong>Africa</strong></span> <span class='ocrx_word' id='word_1_178' title='bbox 832 2865 1138 2914; x_wconf 81' lang='lat' dir='ltr'><strong>maritimam</strong></span> <span class='ocrx_word' id='word_1_179' title='bbox 1194 2867 1419 2931; x_wconf 86' lang='lat' dir='ltr'><strong>quinque</strong></span> 
     </span>
     <span class='ocr_line' id='line_1_32' title="bbox 362 2939 1419 3004; baseline 0.003 -16"><span class='ocrx_word' id='word_1_180' title='bbox 362 2939 587 2988; x_wconf 80' lang='lat' dir='ltr'><strong>bostium</strong></span> <span class='ocrx_word' id='word_1_181' title='bbox 633 2939 891 3004; x_wconf 77' lang='lat' dir='ltr'><strong>myriadas</strong></span> <span class='ocrx_word' id='word_1_182' title='bbox 932 2939 1194 2991; x_wconf 74' lang='lat' dir='ltr'><strong>interfecit</strong></span> <span class='ocrx_word' id='word_1_183' title='bbox 1226 2943 1419 2999; x_wconf 64' lang='lat' dir='ltr'><strong>Cesar,</strong></span> 
     </span>
     <span class='ocr_line' id='line_1_33' title="bbox 364 3015 1418 3078; baseline 0.004 -16"><span class='ocrx_word' id='word_1_184' title='bbox 364 3017 636 3063; x_wconf 86' lang='lat' dir='ltr'><strong>annitente</strong></span> <span class='ocrx_word' id='word_1_185' title='bbox 679 3015 884 3078; x_wconf 86' lang='lat' dir='ltr'><strong>quidem</strong></span> <span class='ocrx_word' id='word_1_186' title='bbox 932 3015 1114 3064; x_wconf 81' lang='lat' dir='ltr'><strong>Asinio</strong></span> <span class='ocrx_word' id='word_1_187' title='bbox 1161 3017 1418 3078; x_wconf 82' lang='lat' dir='ltr'><strong>Pollione,</strong></span> 
     </span>
     <span class='ocr_line' id='line_1_34' title="bbox 366 3088 1411 3153; baseline 0.003 -17"><span class='ocrx_word' id='word_1_188' title='bbox 366 3103 472 3136; x_wconf 87' lang='lat' dir='ltr'><strong>una</strong></span> <span class='ocrx_word' id='word_1_189' title='bbox 515 3088 601 3137; x_wconf 86' lang='lat' dir='ltr'><strong>die</strong></span> <span class='ocrx_word' id='word_1_190' title='bbox 637 3090 800 3137; x_wconf 86' lang='lat' dir='ltr'><strong>tribus</strong></span> <span class='ocrx_word' id='word_1_191' title='bbox 842 3089 1158 3139; x_wconf 79' lang='lat' dir='ltr'><strong>exercitibus</strong></span> <span class='ocrx_word' id='word_1_192' title='bbox 1201 3104 1411 3153; x_wconf 85' lang='lat' dir='ltr'><strong>supera·</strong></span> 
     </span>
     <span class='ocr_line' id='line_1_35' title="bbox 365 3161 1413 3222; baseline 0.004 -14"><span class='ocrx_word' id='word_1_193' title='bbox 365 3162 454 3222; x_wconf 73' lang='lat' dir='ltr'><strong>tis,</strong></span> <span class='ocrx_word' id='word_1_194' title='bbox 497 3161 862 3211; x_wconf 82' lang='lat' dir='ltr'><strong>Consularibus</strong></span> <span class='ocrx_word' id='word_1_195' title='bbox 905 3176 969 3212; x_wconf 85' lang='lat' dir='ltr'><strong>ac</strong></span> <span class='ocrx_word' id='word_1_196' title='bbox 1023 3163 1295 3213; x_wconf 74' lang='lat' dir='ltr'><strong>Praetoriis</strong></span> <span class='ocrx_word' id='word_1_197' title='bbox 1338 3165 1413 3212; x_wconf 80' lang='lat' dir='ltr'><strong>vi·</strong></span> 
     </span>
     <span class='ocr_line' id='line_1_36' title="bbox 366 3237 1417 3302; baseline 0.003 -18"><span class='ocrx_word' id='word_1_198' title='bbox 366 3237 439 3284; x_wconf 89' lang='lat' dir='ltr'><strong>ris</strong></span> <span class='ocrx_word' id='word_1_199' title='bbox 471 3237 819 3300; x_wconf 73' lang='lat' dir='ltr'><strong>compluribus</strong></span> <span class='ocrx_word' id='word_1_200' title='bbox 852 3245 942 3286; x_wconf 83' lang='lat' dir='ltr'><strong>aut</strong></span> <span class='ocrx_word' id='word_1_201' title='bbox 976 3238 1146 3302; x_wconf 82' lang='lat' dir='ltr'><strong>captis</strong></span> <span class='ocrx_word' id='word_1_202' title='bbox 1179 3245 1271 3286; x_wconf 85' lang='lat' dir='ltr'><strong>aut</strong></span> <span class='ocrx_word' id='word_1_203' title='bbox 1315 3252 1417 3287; x_wconf 65' lang='grc' dir='ltr'><strong>οε-</strong></span> 
     </span>
     <span class='ocr_line' id='line_1_37' title="bbox 365 3311 1419 3372; baseline 0.002 -12"><span class='ocrx_word' id='word_1_204' title='bbox 365 3312 455 3372; x_wconf 87' lang='lat' dir='ltr'><strong>sis,</strong></span> <span class='ocrx_word' id='word_1_205' title='bbox 476 3319 565 3360; x_wconf 86' lang='lat' dir='ltr'><strong>aut</strong></span> <span class='ocrx_word' id='word_1_206' title='bbox 598 3311 662 3361; x_wconf 86' lang='lat' dir='ltr'><strong>ad</strong></span> <span class='ocrx_word' id='word_1_207' title='bbox 700 3312 1037 3361; x_wconf 77' lang='lat' dir='ltr'><strong>voluntariam</strong></span> <span class='ocrx_word' id='word_1_208' title='bbox 1063 3326 1241 3362; x_wconf 85' lang='lat' dir='ltr'><strong>necem</strong></span> <span class='ocrx_word' id='word_1_209' title='bbox 1266 3313 1419 3362; x_wconf 82' lang='lat' dir='ltr'><strong>adac-</strong></span> 
     </span>
     <span class='ocr_line' id='line_1_38' title="bbox 366 3384 1419 3450; baseline -0.001 -16"><span class='ocrx_word' id='word_1_210' title='bbox 366 3386 467 3447; x_wconf 86' lang='lat' dir='ltr'><strong>tis;</strong></span> <span class='ocrx_word' id='word_1_211' title='bbox 502 3386 654 3434; x_wconf 82' lang='lat' dir='ltr'><strong>&#39;victis</strong></span> <span class='ocrx_word' id='word_1_212' title='bbox 695 3384 920 3450; x_wconf 80' lang='lat' dir='ltr'><strong>denique</strong></span> <span class='ocrx_word' id='word_1_213' title='bbox 960 3386 1223 3449; x_wconf 83' lang='lat' dir='ltr'><strong>Scipione,</strong></span> <span class='ocrx_word' id='word_1_214' title='bbox 1269 3385 1419 3435; x_wconf 78' lang='lat' dir='ltr'><strong>Afra·</strong></span> 
     </span>
     <span class='ocr_line' id='line_1_39' title="bbox 366 3460 1422 3521; baseline 0.006 -13"><span class='ocrx_word' id='word_1_215' title='bbox 366 3461 475 3518; x_wconf 87' lang='lat' dir='ltr'><strong>nio,</strong></span> <span class='ocrx_word' id='word_1_216' title='bbox 496 3460 652 3521; x_wconf 81' lang='lat' dir='ltr'><strong>Juba,</strong></span> <span class='ocrx_word' id='word_1_217' title='bbox 672 3462 890 3510; x_wconf 88' lang='lat' dir='ltr'><strong>Catone.</strong></span> <span class='ocrx_word' id='word_1_218' title='bbox 936 3462 1207 3511; x_wconf 81' lang='lat' dir='ltr'><strong>Plutarch.</strong></span> <span class='ocrx_word' id='word_1_219' title='bbox 1226 3462 1278 3510; x_wconf 90' lang='lat' dir='ltr'><strong>in</strong></span> <span class='ocrx_word' id='word_1_220' title='bbox 1297 3462 1422 3514; x_wconf 81' lang='lat' dir='ltr'><strong>Vita</strong></span> 
     </span>
     <span class='ocr_line' id='line_1_40' title="bbox 365 3536 1027 3596; baseline 0.002 -11"><span class='ocrx_word' id='word_1_221' title='bbox 365 3537 427 3585; x_wconf 89' lang='lat' dir='ltr'><strong>C.</strong></span> <span class='ocrx_word' id='word_1_222' title='bbox 445 3537 684 3596; x_wconf 67' lang='lat' dir='ltr'><strong>Cmsaris,</strong></span> <span class='ocrx_word' id='word_1_223' title='bbox 709 3536 909 3596; x_wconf 82' lang='lat' dir='ltr'><strong>Florus,</strong></span> <span class='ocrx_word' id='word_1_224' title='bbox 929 3539 1027 3586; x_wconf 74' lang='grc' dir='ltr'>διο.</span> 
     </span>
    </p>

    <p class='ocr_par' dir='ltr' id='par_1_12' title="bbox 362 3609 1420 4201">
     <span class='ocr_line' id='line_1_41' title="bbox 427 3609 1419 3674; baseline 0.001 -15"><span class='ocrx_word' id='word_1_225' title='bbox 427 3612 584 3674; x_wconf 69' lang='lat' dir='ltr'><strong>June]</strong></span> <span class='ocrx_word' id='word_1_226' title='bbox 614 3610 797 3672; x_wconf 82' lang='lat' dir='ltr'><strong>Virgil.</strong></span> <span class='ocrx_word' id='word_1_227' title='bbox 839 3609 1042 3660; x_wconf 78' lang='lat' dir='ltr'><strong>AEneid.</strong></span> <span class='ocrx_word' id='word_1_228' title='bbox 1071 3624 1105 3661; x_wconf 91' lang='grc' dir='ltr'>ι.</span> <span class='ocrx_word' id='word_1_229' title='bbox 1151 3616 1227 3661; x_wconf 82' lang='grc'><strong>16.</strong></span> <span class='ocrx_word' id='word_1_230' title='bbox 1297 3612 1419 3661; x_wconf 86' lang='lat' dir='ltr'><strong>Car-</strong></span> 
     </span>
     <span class='ocr_line' id='line_1_42' title="bbox 366 3683 1420 3748; baseline 0.002 -14"><span class='ocrx_word' id='word_1_231' title='bbox 366 3685 628 3748; x_wconf 73' lang='lat' dir='ltr'><strong>thaginem</strong></span> <span class='ocrx_word' id='word_1_232' title='bbox 671 3684 863 3735; x_wconf 81' lang='lat' dir='ltr'><strong>Junoni</strong></span> <span class='ocrx_word' id='word_1_233' title='bbox 905 3683 1150 3733; x_wconf 85' lang='lat' dir='ltr'><strong>dilectam</strong></span> <span class='ocrx_word' id='word_1_234' title='bbox 1192 3686 1420 3736; x_wconf 83' lang='lat' dir='ltr'><strong>ostendit</strong></span> 
     </span>
     <span class='ocr_line' id='line_1_43' title="bbox 365 3759 1419 3824; baseline 0.001 -15"><span class='ocrx_word' id='word_1_235' title='bbox 365 3762 444 3809; x_wconf 75' lang='lat' dir='ltr'><strong>liis</strong></span> <span class='ocrx_word' id='word_1_236' title='bbox 470 3760 638 3810; x_wconf 78' lang='lat' dir='ltr'><strong>verbis</strong></span> <span class='ocrx_word' id='word_1_237' title='bbox 659 3776 672 3809; x_wconf 75' lang='lat' dir='ltr'>z</span> <span class='ocrx_word' id='word_1_238' title='bbox 696 3761 712 3788; x_wconf 79' lang='lat'>⁸</span> <span class='ocrx_word' id='word_1_239' title='bbox 728 3759 1264 3824; x_wconf 78' lang='lat' dir='ltr'><strong>Carthago,...Quam</strong></span> <span class='ocrx_word' id='word_1_240' title='bbox 1281 3760 1419 3811; x_wconf 81' lang='lat' dir='ltr'><strong>Juno</strong></span> 
     </span>
     <span class='ocr_line' id='line_1_44' title="bbox 362 3834 1419 3895; baseline -0.001 -11"><span class='ocrx_word' id='word_1_241' title='bbox 362 3834 536 3884; x_wconf 79' lang='lat' dir='ltr'><strong>fertur</strong></span> <span class='ocrx_word' id='word_1_242' title='bbox 581 3836 731 3883; x_wconf 79' lang='lat' dir='ltr'><strong>terris</strong></span> <span class='ocrx_word' id='word_1_243' title='bbox 772 3836 933 3895; x_wconf 74' lang='lat' dir='ltr'><strong>magis</strong></span> <span class='ocrx_word' id='word_1_244' title='bbox 993 3834 1225 3883; x_wconf 85' lang='lat' dir='ltr'><strong>omuibus</strong></span> <span class='ocrx_word' id='word_1_245' title='bbox 1267 3848 1419 3883; x_wconf 83' lang='lat' dir='ltr'><strong>unam</strong></span> 
     </span>
     <span class='ocr_line' id='line_1_45' title="bbox 363 3908 1419 3960; baseline 0 0"><span class='ocrx_word' id='word_1_246' title='bbox 363 3909 671 3960; x_wconf 70' lang='lat' dir='ltr'><strong>Posthabita</strong></span> <span class='ocrx_word' id='word_1_247' title='bbox 694 3910 912 3958; x_wconf 84' lang='lat' dir='ltr'><strong>coluisse</strong></span> <span class='ocrx_word' id='word_1_248' title='bbox 946 3910 1132 3958; x_wconf 83' lang='lat' dir='ltr'><strong>Samo:</strong></span> <span class='ocrx_word' id='word_1_249' title='bbox 1166 3908 1247 3957; x_wconf 74' lang='lat' dir='ltr'><strong>liic</strong></span> <span class='ocrx_word' id='word_1_250' title='bbox 1281 3908 1419 3960; x_wconf 86' lang='lat' dir='ltr'><strong>illius</strong></span> 
     </span>
     <span class='ocr_line' id='line_1_46' title="bbox 365 3982 1417 4047; baseline 0.002 -15"><span class='ocrx_word' id='word_1_251' title='bbox 365 3999 530 4044; x_wconf 85' lang='lat' dir='ltr'><strong>arma,</strong></span> <span class='ocrx_word' id='word_1_252' title='bbox 561 3984 667 4033; x_wconf 81' lang='lat' dir='ltr'><strong>Hic</strong></span> <span class='ocrx_word' id='word_1_253' title='bbox 707 3998 887 4033; x_wconf 89' lang='lat' dir='ltr'><strong>currus</strong></span> <span class='ocrx_word' id='word_1_254' title='bbox 920 3982 1049 4033; x_wconf 71' lang='lat' dir='ltr'><strong>fuitz</strong></span> <span class='ocrx_word' id='word_1_255' title='bbox 1084 3983 1181 4033; x_wconf 84' lang='lat' dir='ltr'><strong>hoc</strong></span> <span class='ocrx_word' id='word_1_256' title='bbox 1208 3998 1417 4047; x_wconf 77' lang='lat' dir='ltr'><strong>regnum</strong></span> 
     </span>
     <span class='ocr_line' id='line_1_47' title="bbox 366 4057 1420 4123; baseline 0 -15"><span class='ocrx_word' id='word_1_257' title='bbox 366 4060 485 4108; x_wconf 87' lang='lat' dir='ltr'><strong>Dea</strong></span> <span class='ocrx_word' id='word_1_258' title='bbox 503 4060 746 4122; x_wconf 74' lang='lat' dir='ltr'><strong>gentibus</strong></span> <span class='ocrx_word' id='word_1_259' title='bbox 761 4073 891 4120; x_wconf 82' lang='lat' dir='ltr'><strong>esse,</strong></span> <span class='ocrx_word' id='word_1_260' title='bbox 910 4059 964 4107; x_wconf 73' lang='lat' dir='ltr'><strong>s!</strong></span> <span class='ocrx_word' id='word_1_261' title='bbox 984 4072 1085 4123; x_wconf 84' lang='lat' dir='ltr'><strong>qua</strong></span> <span class='ocrx_word' id='word_1_262' title='bbox 1104 4057 1215 4107; x_wconf 78' lang='lat' dir='ltr'><strong>fata</strong></span> <span class='ocrx_word' id='word_1_263' title='bbox 1231 4059 1420 4122; x_wconf 81' lang='lat' dir='ltr'><strong>sinant,</strong></span> 
     </span>
     <span class='ocr_line' id='line_1_48' title="bbox 362 4135 1227 4201; baseline 0 -16"><span class='ocrx_word' id='word_1_264' title='bbox 362 4137 474 4200; x_wconf 83' lang='lat' dir='ltr'><strong>jam</strong></span> <span class='ocrx_word' id='word_1_265' title='bbox 499 4144 608 4185; x_wconf 89' lang='lat' dir='ltr'><strong>tum</strong></span> <span class='ocrx_word' id='word_1_266' title='bbox 633 4136 924 4201; x_wconf 81' lang='lat' dir='ltr'><strong>tenditque,</strong></span> <span class='ocrx_word' id='word_1_267' title='bbox 943 4135 1227 4201; x_wconf 65' lang='lat' dir='ltr'><strong>fovetque!</strong></span> 
     </span>
    </p>
   </div>
   <div class='ocr_carea' id='block_1_11' title="bbox 432 4210 1470 4296">
    <p class='ocr_par' dir='ltr' id='par_1_13' title="bbox 432 4210 1470 4296">
     <span class='ocr_line' id='line_1_49' title="bbox 432 4210 1470 4296; baseline -0.002 -35"><span class='ocrx_word' id='word_1_268' title='bbox 432 4215 496 4261; x_wconf 76' lang='lat'><strong>26</strong></span> <span class='ocrx_word' id='word_1_269' title='bbox 522 4210 763 4273; x_wconf 75' lang='lat' dir='ltr'><strong>Cesserat]</strong></span> <span class='ocrx_word' id='word_1_270' title='bbox 791 4211 1124 4274; x_wconf 76' lang='lat' dir='ltr'><strong>Demigrarat</strong></span> <span class='ocrx_word' id='word_1_271' title='bbox 1151 4210 1290 4273; x_wconf 88' lang='lat' dir='ltr'><strong>inde,</strong></span> <span class='ocrx_word' id='word_1_272' title='bbox 1315 4211 1418 4259; x_wconf 82' lang='lat' dir='ltr'><strong>vel·</strong></span> <span class='ocrx_word' id='word_1_273' title='bbox 1457 4285 1470 4296; x_wconf 43' lang='grc'><em>·</em></span> 
     </span>
    </p>
   </div>
   <div class='ocr_carea' id='block_1_12' title="bbox 1492 1739 2555 3075">
    <p class='ocr_par' dir='ltr' id='par_1_14' title="bbox 1492 1739 2555 3075">
     <span class='ocr_line' id='line_1_50' title="bbox 1495 1739 2550 1804; baseline -0.003 -13"><span class='ocrx_word' id='word_1_274' title='bbox 1495 1741 1824 1793; x_wconf 79' lang='lat' dir='ltr'><strong>utresistere</strong></span> <span class='ocrx_word' id='word_1_275' title='bbox 1851 1740 1974 1793; x_wconf 81' lang='lat' dir='ltr'><strong>fatis</strong></span> <span class='ocrx_word' id='word_1_276' title='bbox 2009 1741 2285 1804; x_wconf 81' lang='lat' dir='ltr'><strong>impotens.</strong></span> <span class='ocrx_word' id='word_1_277' title='bbox 2351 1739 2430 1789; x_wconf 82' lang='lat' dir='ltr'><strong>Ex</strong></span> <span class='ocrx_word' id='word_1_278' title='bbox 2465 1752 2550 1788; x_wconf 80' lang='lat' dir='ltr'><strong>ve·</strong></span> 
     </span>
     <span class='ocr_line' id='line_1_51' title="bbox 1496 1815 2550 1880; baseline -0.004 -14"><span class='ocrx_word' id='word_1_279' title='bbox 1496 1818 1595 1866; x_wconf 90' lang='lat' dir='ltr'><strong>teri</strong></span> <span class='ocrx_word' id='word_1_280' title='bbox 1617 1831 1770 1880; x_wconf 87' lang='lat' dir='ltr'><strong>porro</strong></span> <span class='ocrx_word' id='word_1_281' title='bbox 1801 1816 2177 1866; x_wconf 83' lang='lat' dir='ltr'><strong>consuetudine</strong></span> <span class='ocrx_word' id='word_1_282' title='bbox 2201 1815 2550 1864; x_wconf 84' lang='lat' dir='ltr'><strong>Romanorum</strong></span> 
     </span>
     <span class='ocr_line' id='line_1_52' title="bbox 1493 1888 2551 1942; baseline -0.005 0"><span class='ocrx_word' id='word_1_283' title='bbox 1493 1892 1847 1942; x_wconf 74' lang='lat' dir='ltr'><strong>evocabantnr</strong></span> <span class='ocrx_word' id='word_1_284' title='bbox 1880 1905 1947 1941; x_wconf 79' lang='lat' dir='ltr'><strong>ex</strong></span> <span class='ocrx_word' id='word_1_285' title='bbox 1974 1891 2192 1940; x_wconf 81' lang='lat' dir='ltr'><strong>obsessis</strong></span> <span class='ocrx_word' id='word_1_286' title='bbox 2228 1888 2440 1938; x_wconf 81' lang='lat' dir='ltr'><strong>urbibus</strong></span> <span class='ocrx_word' id='word_1_287' title='bbox 2463 1889 2551 1938; x_wconf 86' lang='lat' dir='ltr'><strong>Dii</strong></span> 
     </span>
     <span class='ocr_line' id='line_1_53' title="bbox 1494 1964 2552 2015; baseline -0.003 -1"><span class='ocrx_word' id='word_1_288' title='bbox 1494 1980 1670 2014; x_wconf 88' lang='lat' dir='ltr'><strong>earum</strong></span> <span class='ocrx_word' id='word_1_289' title='bbox 1691 1967 1981 2015; x_wconf 80' lang='lat' dir='ltr'><strong>Tutelares.</strong></span> <span class='ocrx_word' id='word_1_290' title='bbox 2034 1966 2258 2014; x_wconf 85' lang='lat' dir='ltr'><strong>Solenne</strong></span> <span class='ocrx_word' id='word_1_291' title='bbox 2282 1964 2408 2012; x_wconf 85' lang='lat' dir='ltr'><strong>illud</strong></span> <span class='ocrx_word' id='word_1_292' title='bbox 2432 1977 2552 2012; x_wconf 79' lang='lat' dir='ltr'><strong>evo·</strong></span> 
     </span>
     <span class='ocr_line' id='line_1_54' title="bbox 1492 2038 2554 2099; baseline -0.003 -9"><span class='ocrx_word' id='word_1_293' title='bbox 1492 2041 1715 2090; x_wconf 80' lang='lat' dir='ltr'><strong>cationis</strong></span> <span class='ocrx_word' id='word_1_294' title='bbox 1755 2055 1962 2090; x_wconf 84' lang='lat' dir='ltr'><strong>carmen</strong></span> <span class='ocrx_word' id='word_1_295' title='bbox 2001 2040 2166 2099; x_wconf 69' lang='lat' dir='ltr'><strong>refert</strong></span> <span class='ocrx_word' id='word_1_296' title='bbox 2195 2038 2429 2087; x_wconf 82' lang='lat' dir='ltr'><strong>Macrob.</strong></span> <span class='ocrx_word' id='word_1_297' title='bbox 2466 2039 2554 2087; x_wconf 84' lang='lat' dir='ltr'><strong>Sa·</strong></span> 
     </span>
     <span class='ocr_line' id='line_1_55' title="bbox 1496 2114 2552 2177; baseline -0.004 -12"><span class='ocrx_word' id='word_1_298' title='bbox 1496 2123 1631 2166; x_wconf 88' lang='lat' dir='ltr'><strong>turn.</strong></span> <span class='ocrx_word' id='word_1_299' title='bbox 1653 2129 1740 2165; x_wconf 93' lang='grc' dir='ltr'>ιιι.</span> <span class='ocrx_word' id='word_1_300' title='bbox 1759 2120 1809 2166; x_wconf 79' lang='grc'><strong>9.</strong></span> <span class='ocrx_word' id='word_1_301' title='bbox 1840 2118 1856 2145; x_wconf 79' lang='lat'>⁸</span> <span class='ocrx_word' id='word_1_302' title='bbox 1875 2116 1928 2165; x_wconf 84' lang='lat' dir='ltr'><strong>Si</strong></span> <span class='ocrx_word' id='word_1_303' title='bbox 1948 2118 2116 2177; x_wconf 84' lang='lat' dir='ltr'><strong>Deus,</strong></span> <span class='ocrx_word' id='word_1_304' title='bbox 2137 2115 2180 2163; x_wconf 82' lang='lat' dir='ltr'><strong>si</strong></span> <span class='ocrx_word' id='word_1_305' title='bbox 2205 2116 2325 2163; x_wconf 86' lang='lat' dir='ltr'><strong>Dea</strong></span> <span class='ocrx_word' id='word_1_306' title='bbox 2345 2121 2446 2173; x_wconf 83' lang='lat' dir='ltr'><strong>est,</strong></span> <span class='ocrx_word' id='word_1_307' title='bbox 2466 2114 2552 2162; x_wconf 85' lang='lat' dir='ltr'><strong>cui</strong></span> 
     </span>
     <span class='ocr_line' id='line_1_56' title="bbox 1496 2188 2553 2253; baseline -0.003 -15"><span class='ocrx_word' id='word_1_308' title='bbox 1496 2189 1718 2253; x_wconf 89' lang='lat' dir='ltr'><strong>populus</strong></span> <span class='ocrx_word' id='word_1_309' title='bbox 1774 2188 2062 2253; x_wconf 70' lang='lat' dir='ltr'><strong>civitasque</strong></span> <span class='ocrx_word' id='word_1_310' title='bbox 2115 2188 2553 2251; x_wconf 75' lang='lat' dir='ltr'><strong>Carthaginiensis</strong></span> 
     </span>
     <span class='ocr_line' id='line_1_57' title="bbox 1497 2263 2553 2329; baseline -0.002 -15"><span class='ocrx_word' id='word_1_311' title='bbox 1497 2272 1582 2314; x_wconf 88' lang='lat' dir='ltr'><strong>est</strong></span> <span class='ocrx_word' id='word_1_312' title='bbox 1623 2265 1675 2313; x_wconf 90' lang='lat' dir='ltr'><strong>in</strong></span> <span class='ocrx_word' id='word_1_313' title='bbox 1721 2265 1909 2325; x_wconf 88' lang='lat' dir='ltr'><strong>tutela,</strong></span> <span class='ocrx_word' id='word_1_314' title='bbox 1958 2271 2115 2329; x_wconf 86' lang='lat' dir='ltr'><strong>teque</strong></span> <span class='ocrx_word' id='word_1_315' title='bbox 2175 2263 2395 2312; x_wconf 79' lang='lat' dir='ltr'><strong>maxime</strong></span> <span class='ocrx_word' id='word_1_316' title='bbox 2444 2263 2553 2319; x_wconf 87' lang='lat' dir='ltr'><strong>ille,</strong></span> 
     </span>
     <span class='ocr_line' id='line_1_58' title="bbox 1497 2336 2554 2403; baseline -0.004 -16"><span class='ocrx_word' id='word_1_317' title='bbox 1497 2337 1586 2403; x_wconf 90' lang='lat' dir='ltr'><strong>qui</strong></span> <span class='ocrx_word' id='word_1_318' title='bbox 1633 2338 1775 2389; x_wconf 86' lang='lat' dir='ltr'><strong>urbis</strong></span> <span class='ocrx_word' id='word_1_319' title='bbox 1818 2338 1967 2401; x_wconf 84' lang='lat' dir='ltr'><strong>hujus</strong></span> <span class='ocrx_word' id='word_1_320' title='bbox 2013 2337 2291 2401; x_wconf 82' lang='lat' dir='ltr'><strong>populique</strong></span> <span class='ocrx_word' id='word_1_321' title='bbox 2335 2336 2554 2384; x_wconf 82' lang='lat' dir='ltr'><strong>tutelam</strong></span> 
     </span>
     <span class='ocr_line' id='line_1_59' title="bbox 1495 2410 2554 2480; baseline -0.006 -16"><span class='ocrx_word' id='word_1_322' title='bbox 1495 2415 1762 2480; x_wconf 84' lang='lat' dir='ltr'><strong>recepisti,</strong></span> <span class='ocrx_word' id='word_1_323' title='bbox 1776 2427 1963 2477; x_wconf 86' lang='lat' dir='ltr'><strong>precor</strong></span> <span class='ocrx_word' id='word_1_324' title='bbox 1980 2410 2320 2474; x_wconf 81' lang='lat' dir='ltr'><strong>venerorque,</strong></span> <span class='ocrx_word' id='word_1_325' title='bbox 2335 2411 2554 2459; x_wconf 76' lang='lat' dir='ltr'><strong>veniam·</strong></span> 
     </span>
     <span class='ocr_line' id='line_1_60' title="bbox 1496 2485 2555 2553; baseline -0.004 -16"><span class='ocrx_word' id='word_1_326' title='bbox 1496 2503 1595 2553; x_wconf 88' lang='lat' dir='ltr'><strong>que</strong></span> <span class='ocrx_word' id='word_1_327' title='bbox 1617 2503 1648 2537; x_wconf 85' lang='lat' dir='ltr'><strong>a</strong></span> <span class='ocrx_word' id='word_1_328' title='bbox 1672 2488 1813 2537; x_wconf 79' lang='lat' dir='ltr'><strong>vobis</strong></span> <span class='ocrx_word' id='word_1_329' title='bbox 1837 2495 1978 2552; x_wconf 79' lang='lat' dir='ltr'><strong>peto,</strong></span> <span class='ocrx_word' id='word_1_330' title='bbox 2011 2495 2069 2537; x_wconf 90' lang='lat' dir='ltr'><strong>ut</strong></span> <span class='ocrx_word' id='word_1_331' title='bbox 2103 2500 2192 2534; x_wconf 80' lang='lat' dir='ltr'><strong>vos</strong></span> <span class='ocrx_word' id='word_1_332' title='bbox 2216 2485 2460 2549; x_wconf 87' lang='lat' dir='ltr'><strong>populum</strong></span> <span class='ocrx_word' id='word_1_333' title='bbox 2483 2485 2555 2534; x_wconf 86' lang='lat' dir='ltr'><strong>ci·</strong></span> 
     </span>
     <span class='ocr_line' id='line_1_61' title="bbox 1498 2559 2550 2627; baseline -0.002 -17"><span class='ocrx_word' id='word_1_334' title='bbox 1498 2562 1815 2627; x_wconf 82' lang='lat' dir='ltr'><strong>vitatemque</strong></span> <span class='ocrx_word' id='word_1_335' title='bbox 1839 2561 2316 2624; x_wconf 65' lang='lat' dir='ltr'><strong>Carthaginiensem</strong></span> <span class='ocrx_word' id='word_1_336' title='bbox 2340 2559 2550 2609; x_wconf 82' lang='lat' dir='ltr'><strong>desera-</strong></span> 
     </span>
     <span class='ocr_line' id='line_1_62' title="bbox 1497 2633 2553 2700; baseline -0.002 -15"><span class='ocrx_word' id='word_1_337' title='bbox 1497 2639 1600 2698; x_wconf 86' lang='lat' dir='ltr'><strong>tis;</strong></span> <span class='ocrx_word' id='word_1_338' title='bbox 1634 2637 1767 2698; x_wconf 87' lang='lat' dir='ltr'><strong>loca,</strong></span> <span class='ocrx_word' id='word_1_339' title='bbox 1805 2636 2019 2700; x_wconf 86' lang='lat' dir='ltr'><strong>templa,</strong></span> <span class='ocrx_word' id='word_1_340' title='bbox 2063 2649 2231 2694; x_wconf 88' lang='lat' dir='ltr'><strong>sacra,</strong></span> <span class='ocrx_word' id='word_1_341' title='bbox 2270 2633 2553 2697; x_wconf 73' lang='lat' dir='ltr'><strong>urbemque</strong></span> 
     </span>
     <span class='ocr_line' id='line_1_63' title="bbox 1498 2709 2554 2775; baseline -0.002 -15"><span class='ocrx_word' id='word_1_342' title='bbox 1498 2712 1820 2775; x_wconf 77' lang='lat' dir='ltr'><strong>relinquatis,</strong></span> <span class='ocrx_word' id='word_1_343' title='bbox 1839 2710 2032 2773; x_wconf 73' lang='lat' dir='ltr'><strong>absque</strong></span> <span class='ocrx_word' id='word_1_344' title='bbox 2054 2710 2132 2757; x_wconf 86' lang='lat' dir='ltr'><strong>his</strong></span> <span class='ocrx_word' id='word_1_345' title='bbox 2149 2709 2374 2757; x_wconf 81' lang='lat' dir='ltr'><strong>abeatis:</strong></span> <span class='ocrx_word' id='word_1_346' title='bbox 2402 2709 2554 2773; x_wconf 87' lang='lat' dir='ltr'><strong>eique</strong></span> 
     </span>
     <span class='ocr_line' id='line_1_64' title="bbox 1497 2781 2554 2851; baseline -0.002 -16"><span class='ocrx_word' id='word_1_347' title='bbox 1497 2787 1692 2851; x_wconf 86' lang='lat' dir='ltr'><strong>populo</strong></span> <span class='ocrx_word' id='word_1_348' title='bbox 1732 2786 2032 2849; x_wconf 79' lang='lat' dir='ltr'><strong>civitatique</strong></span> <span class='ocrx_word' id='word_1_349' title='bbox 2070 2791 2283 2843; x_wconf 87' lang='lat' dir='ltr'><strong>metum,</strong></span> <span class='ocrx_word' id='word_1_350' title='bbox 2319 2781 2554 2833; x_wconf 83' lang='lat' dir='ltr'><strong>formidi-</strong></span> 
     </span>
     <span class='ocr_line' id='line_1_65' title="bbox 1498 2855 2552 2924; baseline -0.003 -13"><span class='ocrx_word' id='word_1_351' title='bbox 1498 2877 1638 2922; x_wconf 87' lang='lat' dir='ltr'><strong>nem,</strong></span> <span class='ocrx_word' id='word_1_352' title='bbox 1682 2861 1991 2910; x_wconf 80' lang='lat' dir='ltr'><strong>oblivionem</strong></span> <span class='ocrx_word' id='word_1_353' title='bbox 2031 2859 2302 2924; x_wconf 76' lang='lat' dir='ltr'><strong>injiciatis3</strong></span> <span class='ocrx_word' id='word_1_354' title='bbox 2337 2855 2552 2921; x_wconf 57' lang='lat' dir='ltr'><strong>proditi-‘-</strong></span> 
     </span>
     <span class='ocr_line' id='line_1_66' title="bbox 1499 2934 2555 3003; baseline -0.004 -17"><span class='ocrx_word' id='word_1_355' title='bbox 1499 2951 1600 3003; x_wconf 91' lang='lat' dir='ltr'><strong>que</strong></span> <span class='ocrx_word' id='word_1_356' title='bbox 1618 2936 1830 2986; x_wconf 83' lang='lat' dir='ltr'><strong>Romam</strong></span> <span class='ocrx_word' id='word_1_357' title='bbox 1853 2935 1916 2984; x_wconf 83' lang='lat' dir='ltr'><strong>ad</strong></span> <span class='ocrx_word' id='word_1_358' title='bbox 1940 2948 2021 2983; x_wconf 86' lang='lat' dir='ltr'><strong>me</strong></span> <span class='ocrx_word' id='word_1_359' title='bbox 2041 2948 2283 2997; x_wconf 79' lang='lat' dir='ltr'><strong>meosque</strong></span> <span class='ocrx_word' id='word_1_360' title='bbox 2309 2934 2555 2995; x_wconf 75' lang='lat' dir='ltr'><strong>veniatis3</strong></span> 
     </span>
     <span class='ocr_line' id='line_1_67' title="bbox 1499 3009 2554 3075; baseline -0.004 -14"><span class='ocrx_word' id='word_1_361' title='bbox 1499 3021 1778 3075; x_wconf 77' lang='lat' dir='ltr'><strong>nostraque</strong></span> <span class='ocrx_word' id='word_1_362' title='bbox 1814 3011 1959 3060; x_wconf 77' lang='lat' dir='ltr'><strong>vobis</strong></span> <span class='ocrx_word' id='word_1_363' title='bbox 1990 3011 2123 3065; x_wconf 85' lang='lat' dir='ltr'><strong>loca,</strong></span> <span class='ocrx_word' id='word_1_364' title='bbox 2162 3009 2359 3072; x_wconf 85' lang='lat' dir='ltr'><strong>templa</strong></span> <span class='ocrx_word' id='word_1_365' title='bbox 2387 3023 2554 3066; x_wconf 79' lang='lat' dir='ltr'><strong>sacra,</strong></span> 
     </span>
    </p>
   </div>
   <div class='ocr_carea' id='block_1_13' title="bbox 1490 3086 2565 3154">
    <p class='ocr_par' dir='ltr' id='par_1_15' title="bbox 1490 3086 2565 3154">
     <span class='ocr_line' id='line_1_68' title="bbox 1490 3086 2565 3154; baseline -0.002 -17"><span class='ocrx_word' id='word_1_366' title='bbox 1490 3087 1616 3138; x_wconf 82' lang='lat' dir='ltr'><strong>urbs</strong></span> <span class='ocrx_word' id='word_1_367' title='bbox 1635 3087 1904 3150; x_wconf 82' lang='lat' dir='ltr'><strong>acceptior</strong></span> <span class='ocrx_word' id='word_1_368' title='bbox 1930 3086 2302 3151; x_wconf 83' lang='lat' dir='ltr'><strong>probatiorque</strong></span> <span class='ocrx_word' id='word_1_369' title='bbox 2323 3088 2419 3136; x_wconf 83' lang='lat' dir='ltr'><strong>sit:</strong></span> <span class='ocrx_word' id='word_1_370' title='bbox 2457 3088 2565 3154; x_wconf 42' lang='lat' dir='ltr'><strong>mig</strong></span> 
     </span>
    </p>
   </div>
   <div class='ocr_carea' id='block_1_14' title="bbox 1492 3161 2554 3228">
    <p class='ocr_par' dir='ltr' id='par_1_16' title="bbox 1492 3161 2554 3228">
     <span class='ocr_line' id='line_1_69' title="bbox 1492 3161 2554 3228; baseline -0.003 -15"><span class='ocrx_word' id='word_1_371' title='bbox 1492 3165 1545 3213; x_wconf 83' lang='lat' dir='ltr'><strong>hi</strong></span> <span class='ocrx_word' id='word_1_372' title='bbox 1568 3177 1792 3228; x_wconf 88' lang='lat' dir='ltr'><strong>quoque,</strong></span> <span class='ocrx_word' id='word_1_373' title='bbox 1818 3163 2111 3226; x_wconf 87' lang='lat' dir='ltr'><strong>populoque</strong></span> <span class='ocrx_word' id='word_1_374' title='bbox 2136 3161 2391 3221; x_wconf 84' lang='lat' dir='ltr'><strong>Romano,</strong></span> <span class='ocrx_word' id='word_1_375' title='bbox 2420 3161 2554 3211; x_wconf 86' lang='lat' dir='ltr'><strong>mili·</strong></span> 
     </span>
    </p>
   </div>
   <div class='ocr_carea' id='block_1_15' title="bbox 1498 3235 2557 3302">
    <p class='ocr_par' dir='ltr' id='par_1_17' title="bbox 1498 3235 2557 3302">
     <span class='ocr_line' id='line_1_70' title="bbox 1498 3235 2557 3302; baseline -0.003 -15"><span class='ocrx_word' id='word_1_376' title='bbox 1498 3238 1738 3302; x_wconf 87' lang='lat' dir='ltr'><strong>tibusque</strong></span> <span class='ocrx_word' id='word_1_377' title='bbox 1762 3237 1888 3287; x_wconf 78' lang='lat' dir='ltr'><strong>meis</strong></span> <span class='ocrx_word' id='word_1_378' title='bbox 1914 3235 2179 3299; x_wconf 57' lang='lat' dir='ltr'><strong>prepositi</strong></span> <span class='ocrx_word' id='word_1_379' title='bbox 2203 3235 2337 3291; x_wconf 85' lang='lat' dir='ltr'><strong>sitis.</strong></span> <span class='ocrx_word' id='word_1_380' title='bbox 2357 3243 2412 3284; x_wconf 90' lang='lat' dir='ltr'><strong>ut</strong></span> <span class='ocrx_word' id='word_1_381' title='bbox 2429 3238 2557 3284; x_wconf 82' lang='lat' dir='ltr'><strong>scia-</strong></span> 
     </span>
    </p>
   </div>
   <div class='ocr_carea' id='block_1_16' title="bbox 1497 3308 2554 4271">
    <p class='ocr_par' dir='ltr' id='par_1_18' title="bbox 1498 3308 2554 3513">
     <span class='ocr_line' id='line_1_71' title="bbox 1498 3308 2554 3374; baseline -0.005 -12"><span class='ocrx_word' id='word_1_382' title='bbox 1498 3327 1612 3362; x_wconf 81' lang='lat' dir='ltr'><strong>mus</strong></span> <span class='ocrx_word' id='word_1_383' title='bbox 1636 3310 2099 3374; x_wconf 75' lang='lat' dir='ltr'><strong>intelligamusque.</strong></span> <span class='ocrx_word' id='word_1_384' title='bbox 2165 3310 2220 3358; x_wconf 84' lang='lat' dir='ltr'><strong>Si</strong></span> <span class='ocrx_word' id='word_1_385' title='bbox 2262 3310 2335 3359; x_wconf 84' lang='lat' dir='ltr'><strong>ita</strong></span> <span class='ocrx_word' id='word_1_386' title='bbox 2367 3308 2554 3359; x_wconf 78' lang='lat' dir='ltr'><strong>feeeri-</strong></span> 
     </span>
     <span class='ocr_line' id='line_1_72' title="bbox 1500 3382 2553 3449; baseline -0.004 -12"><span class='ocrx_word' id='word_1_387' title='bbox 1500 3389 1586 3444; x_wconf 76' lang='lat' dir='ltr'><strong>tis,</strong></span> <span class='ocrx_word' id='word_1_388' title='bbox 1608 3400 1771 3436; x_wconf 78' lang='lat' dir='ltr'><strong>voveo</strong></span> <span class='ocrx_word' id='word_1_389' title='bbox 1796 3385 1941 3434; x_wconf 81' lang='lat' dir='ltr'><strong>vobis</strong></span> <span class='ocrx_word' id='word_1_390' title='bbox 1965 3385 2159 3448; x_wconf 82' lang='lat' dir='ltr'><strong>templa</strong></span> <span class='ocrx_word' id='word_1_391' title='bbox 2178 3383 2423 3449; x_wconf 80' lang='lat' dir='ltr'><strong>ludosque</strong></span> <span class='ocrx_word' id='word_1_392' title='bbox 2446 3382 2553 3433; x_wconf 82' lang='lat' dir='ltr'><strong>fac-</strong></span> 
     </span>
     <span class='ocr_line' id='line_1_73' title="bbox 1503 3461 1715 3513; baseline -0.009 -1"><span class='ocrx_word' id='word_1_393' title='bbox 1503 3461 1715 3513; x_wconf 86' lang='lat' dir='ltr'><strong>turum.&#39;</strong></span> 
     </span>
    </p>

    <p class='ocr_par' dir='ltr' id='par_1_19' title="bbox 1497 3530 2554 4046">
     <span class='ocr_line' id='line_1_74' title="bbox 1565 3530 2554 3599; baseline -0.007 -11"><span class='ocrx_word' id='word_1_394' title='bbox 1565 3542 1627 3588; x_wconf 73' lang='lat'><strong>27</strong></span> <span class='ocrx_word' id='word_1_395' title='bbox 1655 3537 1900 3587; x_wconf 72' lang='lat' dir='ltr'><strong>Victor-nnn</strong></span> <span class='ocrx_word' id='word_1_396' title='bbox 1915 3535 2126 3599; x_wconf 77' lang='lat' dir='ltr'><strong>nepotes]</strong></span> <span class='ocrx_word' id='word_1_397' title='bbox 2145 3532 2401 3594; x_wconf 87' lang='lat' dir='ltr'><strong>Scipionis</strong></span> <span class='ocrx_word' id='word_1_398' title='bbox 2418 3530 2554 3581; x_wconf 80' lang='lat' dir='ltr'><strong>Afri·</strong></span> 
     </span>
     <span class='ocr_line' id='line_1_75' title="bbox 1499 3606 2552 3677; baseline -0.009 -13"><span class='ocrx_word' id='word_1_399' title='bbox 1499 3614 1638 3674; x_wconf 84' lang='lat' dir='ltr'><strong>cani,</strong></span> <span class='ocrx_word' id='word_1_400' title='bbox 1659 3613 1745 3677; x_wconf 82' lang='lat' dir='ltr'><strong>qui</strong></span> <span class='ocrx_word' id='word_1_401' title='bbox 1771 3615 1908 3662; x_wconf 81' lang='lat' dir='ltr'><strong>victo</strong></span> <span class='ocrx_word' id='word_1_402' title='bbox 1932 3609 2225 3659; x_wconf 81' lang='lat' dir='ltr'><strong>Hannibale</strong></span> <span class='ocrx_word' id='word_1_403' title='bbox 2250 3606 2552 3668; x_wconf 72' lang='lat' dir='ltr'><strong>vectigalem</strong></span> 
     </span>
     <span class='ocr_line' id='line_1_76' title="bbox 1500 3681 2554 3751; baseline -0.008 -14"><span class='ocrx_word' id='word_1_404' title='bbox 1500 3690 1705 3751; x_wconf 86' lang='lat' dir='ltr'><strong>Populo</strong></span> <span class='ocrx_word' id='word_1_405' title='bbox 1755 3687 1985 3734; x_wconf 85' lang='lat' dir='ltr'><strong>Romano</strong></span> <span class='ocrx_word' id='word_1_406' title='bbox 2037 3681 2233 3729; x_wconf 80' lang='lat' dir='ltr'><strong>fecerat</strong></span> <span class='ocrx_word' id='word_1_407' title='bbox 2282 3682 2554 3744; x_wconf 72' lang='lat' dir='ltr'><strong>Carthagi·</strong></span> 
     </span>
     <span class='ocr_line' id='line_1_77' title="bbox 1499 3754 2550 3822; baseline -0.008 -12"><span class='ocrx_word' id='word_1_408' title='bbox 1499 3775 1642 3822; x_wconf 88' lang='lat' dir='ltr'><strong>nem,</strong></span> <span class='ocrx_word' id='word_1_409' title='bbox 1677 3771 1836 3822; x_wconf 78' lang='lat' dir='ltr'><strong>nepos</strong></span> <span class='ocrx_word' id='word_1_410' title='bbox 1860 3757 1926 3807; x_wconf 84' lang='lat' dir='ltr'><strong>Q.</strong></span> <span class='ocrx_word' id='word_1_411' title='bbox 1947 3755 2124 3817; x_wconf 84' lang='lat' dir='ltr'><strong>Scipio</strong></span> <span class='ocrx_word' id='word_1_412' title='bbox 2149 3754 2311 3815; x_wconf 80' lang='lat' dir='ltr'><strong>primo</strong></span> <span class='ocrx_word' id='word_1_413' title='bbox 2344 3754 2550 3818; x_wconf 75' lang='lat' dir='ltr'><strong>quidem</strong></span> 
     </span>
     <span class='ocr_line' id='line_1_78' title="bbox 1499 3828 2552 3884; baseline -0.005 0"><span class='ocrx_word' id='word_1_414' title='bbox 1499 3837 1553 3884; x_wconf 91' lang='lat' dir='ltr'><strong>in</strong></span> <span class='ocrx_word' id='word_1_415' title='bbox 1590 3833 1907 3884; x_wconf 78' lang='lat' dir='ltr'><strong>Caesarianos</strong></span> <span class='ocrx_word' id='word_1_416' title='bbox 1935 3831 2123 3878; x_wconf 85' lang='lat' dir='ltr'><strong>bellum</strong></span> <span class='ocrx_word' id='word_1_417' title='bbox 2149 3844 2247 3877; x_wconf 90' lang='lat' dir='ltr'><strong>nou</strong></span> <span class='ocrx_word' id='word_1_418' title='bbox 2270 3828 2552 3879; x_wconf 78' lang='lat' dir='ltr'><strong>infeliciter</strong></span> 
     </span>
     <span class='ocr_line' id='line_1_79' title="bbox 1497 3904 2552 3974; baseline -0.006 -16"><span class='ocrx_word' id='word_1_419' title='bbox 1497 3922 1701 3974; x_wconf 68' lang='lat' dir='ltr'><strong>gerens,</strong></span> <span class='ocrx_word' id='word_1_420' title='bbox 1736 3907 1801 3956; x_wconf 88' lang='lat' dir='ltr'><strong>ab</strong></span> <span class='ocrx_word' id='word_1_421' title='bbox 1825 3907 1884 3955; x_wconf 80' lang='lat' dir='ltr'><strong>iis</strong></span> <span class='ocrx_word' id='word_1_422' title='bbox 1912 3907 2113 3955; x_wconf 82' lang='lat' dir='ltr'><strong>demum</strong></span> <span class='ocrx_word' id='word_1_423' title='bbox 2137 3904 2442 3970; x_wconf 78' lang='lat' dir='ltr'><strong>profligatus</strong></span> <span class='ocrx_word' id='word_1_424' title='bbox 2464 3923 2552 3958; x_wconf 83' lang='lat' dir='ltr'><strong>oc.</strong></span> 
     </span>
     <span class='ocr_line' id='line_1_80' title="bbox 1497 3980 2553 4046; baseline -0.003 -12"><span class='ocrx_word' id='word_1_425' title='bbox 1497 3984 1707 4046; x_wconf 80' lang='lat' dir='ltr'><strong>cubuit3</strong></span> <span class='ocrx_word' id='word_1_426' title='bbox 1741 3988 1797 4031; x_wconf 89' lang='lat' dir='ltr'><strong>ut</strong></span> <span class='ocrx_word' id='word_1_427' title='bbox 1821 3991 1942 4030; x_wconf 80' lang='lat' dir='ltr'><strong>aute</strong></span> <span class='ocrx_word' id='word_1_428' title='bbox 1965 3980 2086 4028; x_wconf 82' lang='lat' dir='ltr'><strong>dixi.</strong></span> <span class='ocrx_word' id='word_1_429' title='bbox 2137 3980 2357 4042; x_wconf 82' lang='lat' dir='ltr'><strong>Appiau.</strong></span> <span class='ocrx_word' id='word_1_430' title='bbox 2380 3981 2468 4030; x_wconf 88' lang='lat' dir='ltr'><strong>lib.</strong></span> <span class='ocrx_word' id='word_1_431' title='bbox 2491 3996 2553 4035; x_wconf 90' lang='grc' dir='ltr'><strong>ιι.</strong></span> 
     </span>
    </p>

    <p class='ocr_par' dir='ltr' id='par_1_20' title="bbox 1497 4052 2552 4271">
     <span class='ocr_line' id='line_1_81' title="bbox 1562 4052 2551 4115; baseline 0 -8"><span class='ocrx_word' id='word_1_432' title='bbox 1562 4063 1627 4107; x_wconf 80' lang='grc'><strong>28</strong></span> <span class='ocrx_word' id='word_1_433' title='bbox 1662 4057 1847 4107; x_wconf 73' lang='lat' dir='ltr'><strong>Retulit</strong></span> <span class='ocrx_word' id='word_1_434' title='bbox 1882 4052 2102 4115; x_wconf 54' lang='lat' dir='ltr'><strong>infer-ius]</strong></span> <span class='ocrx_word' id='word_1_435' title='bbox 2136 4054 2197 4102; x_wconf 89' lang='lat' dir='ltr'><strong>In</strong></span> <span class='ocrx_word' id='word_1_436' title='bbox 2235 4063 2551 4107; x_wconf 86' lang='lat' dir='ltr'><strong>mortuorum</strong></span> 
     </span>
     <span class='ocr_line' id='line_1_82' title="bbox 1497 4127 2552 4195; baseline 0 -12"><span class='ocrx_word' id='word_1_437' title='bbox 1497 4133 1657 4183; x_wconf 79' lang='lat' dir='ltr'><strong>sacris</strong></span> <span class='ocrx_word' id='word_1_438' title='bbox 1672 4133 1792 4181; x_wconf 87' lang='lat' dir='ltr'><strong>olim</strong></span> <span class='ocrx_word' id='word_1_439' title='bbox 1810 4132 2026 4195; x_wconf 78' lang='lat' dir='ltr'><strong>juvenes</strong></span> <span class='ocrx_word' id='word_1_440' title='bbox 2042 4127 2399 4181; x_wconf 77' lang='lat' dir='ltr'><strong>inferebantur</strong></span> <span class='ocrx_word' id='word_1_441' title='bbox 2416 4147 2552 4183; x_wconf 86' lang='lat' dir='ltr'><strong>mac·</strong></span> 
     </span>
     <span class='ocr_line' id='line_1_83' title="bbox 1498 4203 2551 4271; baseline 0 -13"><span class='ocrx_word' id='word_1_442' title='bbox 1498 4208 1847 4271; x_wconf 84' lang='lat' dir='ltr'><strong>tabanturque</strong></span> <span class='ocrx_word' id='word_1_443' title='bbox 1864 4205 1927 4254; x_wconf 79' lang='lat' dir='ltr'><strong>ad</strong></span> <span class='ocrx_word' id='word_1_444' title='bbox 1946 4203 2226 4270; x_wconf 85' lang='lat' dir='ltr'><strong>placandos</strong></span> <span class='ocrx_word' id='word_1_445' title='bbox 2243 4204 2420 4257; x_wconf 84' lang='lat' dir='ltr'><strong>horum</strong></span> <span class='ocrx_word' id='word_1_446' title='bbox 2437 4217 2551 4259; x_wconf 78' lang='lat' dir='ltr'><strong>san·</strong></span> 
     </span>
    </p>
   </div>
   <div class='ocr_carea' id='block_1_17' title="bbox 2674 1494 2702 1515">
    <p class='ocr_par' dir='ltr' id='par_1_21' title="bbox 2674 1494 2702 1515">
     <span class='ocr_line' id='line_1_84' title="bbox 2674 1494 2702 1515; baseline 0 0"><span class='ocrx_word' id='word_1_447' title='bbox 2674 1494 2702 1515; x_wconf 57' lang='grc' dir='ltr'>δ</span> 
     </span>
    </p>
   </div>
  </div>
 </body>
</html>
