3050 4875
481 393 610 459 294

1201 418 1270 478 Q.
1317 416 1637 467 noRA'ru
1689 419 1953 469 ithace!

825 557 1108 625 Manant
1133 560 1205 624 in
1237 579 1475 644 agros;
1512 568 1628 628 aut
1654 582 1837 628 mare
1866 564 2195 650 Caspium

909 659 1184 727 Vexant
1211 663 1587 746 inaequales
1614 666 1932 747 procellae

995 762 1270 847 Usque3
1315 784 1435 830 nec
1465 765 1807 832 Armeniis
1836 769 1904 832 in
1935 767 2095 847 oris,

820 862 1059 929 Amice
1086 863 1308 948 Valgi,
1341 871 1476 931 stat
1502 868 1755 950 glacies
1782 870 1965 933 iners
2621 873 2668 935 5

824 964 1095 1030 Menses
1124 985 1241 1050 per
1270 986 1537 1049 omnes;
1584 978 1702 1035 aut
1731 969 2153 1054 aquilonibus

478 1148 775 1207 tempestates
794 1146 984 1206 agitant
1002 1161 1183 1210 semper
1200 1162 1330 1199 mere
1351 1148 1577 1212 Caspiana
1589 1163 1610 1206 ,⁶
1625 1162 1711 1199 aec
1716 1163 1806 1211 per
1814 1164 1994 1198 menses
2005 1149 2216 1209 singulos
2234 1149 2424 1212 pigram
2437 1147 2549 1208 gele
2568 1160 2667 1194 ma·

477 1215 559 1258 aet
582 1210 636 1258 in
655 1209 899 1262 Armenia
916 1211 1217 1274 regionum-33
1246 1227 1332 1262 nee
1355 1212 1578 1275 Gargani
1597 1226 1796 1276 quercus
1815 1218 2048 1263 vexeram·
2068 1211 2537 1281 septentrionalibus
2558 1224 2667 1259 vsa·

1376 1337 1740 1359 “mm

477 1419 510 1464 4
546 1416 770 1530 cunina.
795 1434 942 1483 neque
961 1418 1229 1477 Armeniis,-
1262 1420 1332 1469 du
1368 1418 1559 1472 Har-el
1600 1419 1807 1468 emend.
1842 1420 2078 1470 AEnoaiis
2097 1421 2150 1469 ia
2169 1421 2290 1482 oris,
2323 1419 2356 1468 i.
2381 1434 2424 1469 e.
2447 1419 2662 1467 Thessa·

476 1480 558 1537 lis,
581 1482 702 1545 quia

777 1483 972 1532 rmenia
993 1485 1061 1532 sit
1085 1486 1227 1547 regio
1249 1484 1577 1533 calidissima.
1637 1483 1773 1533 ⁸Sed
1800 1484 1921 1547 jure
1953 1484 2253 1534 Sanadonus
2287 1493 2390 1534 tam
2414 1483 2660 1531 audacem

475 1555 844 1607 correctorem,
868 1546 1082 1598 Parisiis
1116 1551 1168 1597 in
1207 1562 1382 1598 museo
1416 1562 1509 1597 suo
1534 1548 1831 1597 Armeniam
1865 1562 1922 1597 se
1961 1548 2142 1597 melius
2186 1562 2338 1598 nosse
2374 1553 2662 1610 putantem,

475 1622 648 1670 qnam,
685 1610 770 1670 qui
806 1611 877 1661 ibi
912 1610 1143 1671 fuerunt,
1174 1611 1357 1663 doctos
1390 1612 1547 1671 viros,
1585 1612 1779 1661 acriter
1814 1610 2129 1676 castigavit.’
2159 1613 2394 1661 sana—s
2433 1612 2480 1658 Ο
2515 1608 2665 1657 amice

482 1671 621 1734 Valgi
645 1673 787 1735 Lips.
810 1678 858 1723 3.
927 1675 1152 1725 Omnino
1175 1676 1229 1724 in
1253 1675 1425 1725 multis
1439 1674 1595 1726 codd.
1623 1676 1831 1740 quoties
1856 1676 2122 1725 vocativus
2144 1676 2194 1723 iu
2219 1682 2468 1725 contextu
2490 1681 2591 1735 est,
2610 1672 2658 1720 ei

474 1736 924 1802 superappositum
945 1745 1026 1790 est
1044 1756 1073 1788 ο
1094 1755 1125 1789 a
1147 1739 1515 1803 Grammatico,
1534 1739 1669 1805 quod
1692 1745 1879 1804 postea
1907 1740 2112 1805 ineptus
2137 1739 2376 1801 librarius
2401 1737 2659 1788 interdum

1462 1884 1677 1938 No'rAE

468 1978 610 2029 lieris
625 1985 763 2029 notoe
781 1980 985 2032 vatibus
999 1989 1240 2033 accenset
1264 1998 1303 2034 ι.
1318 1983 1430 2034 Sat.
1447 1987 1526 2034 10.

471 2054 553 2102 81.
591 2055 607 2081 ⁸
634 2054 857 2113 Plotius,
904 2064 960 2107 et
997 2057 1203 2123 Varius,
1241 2059 1526 2118 Maecenas.

468 2126 836 2195 virgiliusque,
858 2131 1086 2196 Valgius,
1115 2141 1172 2184 et
1203 2135 1387 2198 probet
1410 2135 1524 2184 haec

471 2201 721 2252 Octavius
747 2206 992 2271 optimus,
1022 2215 1178 2273 atque
1213 2210 1429 2272 Fuscus,
1466 2216 1523 2259 et

466 2275 582 2327 haec
626 2279 821 2329 utinam
860 2280 1130 2333 Viscorum
1172 2285 1348 2334 laudet
1383 2293 1522 2334 uter·-

468 2352 606 2417 que.’
668 2352 897 2405 Tibullus
918 2372 1119 2423 quoque
1152 2371 1268 2409 eum
1293 2360 1365 2408 ita
1386 2373 1521 2409 com·

466 2428 678 2479 mendat
701 2443 777 2479 iv.
803 2434 851 2481 1.
879 2434 991 2482 179.
1019 2435 1036 2463 ⁸
1060 2434 1157 2485 Est
1177 2435 1271 2486 tibi
1293 2435 1380 2502 qui
1404 2451 1521 2501 pos·

447 2505 532 2554 -sit
572 2506 771 2570 magnis
811 2522 868 2557 se
901 2509 1173 2575 accingere
1204 2511 1359 2562 rebus
1394 2513 1519 2562 Val-

462 2581 611 2644 gius:
646 2589 844 2634 aeterno
868 2586 1079 2650 propior
1107 2602 1208 2639 non
1244 2588 1381 2639 alter
1411 2588 1518 2640 Ho-

463 2656 643 2707 mero.⁸
718 2658 1054 2711 Consularem
1094 2662 1256 2713 virum
1293 2662 1521 2729 produnt

465 2733 646 2797 aliqui,
668 2735 803 2799 quod
827 2750 928 2786 non
951 2737 1027 2787 ita
1041 2746 1238 2788 certum
1263 2747 1341 2788 est
1362 2754 1377 2788 ε
1418 2739 1519 2789 Ro·

462 2821 562 2857 mae
582 2823 702 2858 vero
719 2807 880 2861 fuisse
892 2811 1043 2876 hujus
1060 2815 1274 2863 nominis
1290 2815 1520 2865 illustres

463 2891 670 2935 constat
703 2886 785 2935 vel
817 2901 883 2936 ex
915 2888 1202 2939 comment.
1234 2889 1322 2940 lib.
1344 2904 1419 2942 vr.
1453 2892 1519 2941 de

464 2959 618 3008 Bello
641 2960 804 3024 civili,
827 2976 918 3012 seu
938 2963 1027 3013 lib.
1045 2977 1122 3015 vt.
1145 2964 1210 3015 de
1230 2965 1381 3016 Bello
1397 2966 1520 3016 His·

461 3037 718 3099 papiensi,
739 3036 826 3087 ubi
860 3039 935 3088 sic
974 3038 1225 3090 babetur:
1267 3046 1284 3071 ⁸
1309 3042 1376 3093 A.
1398 3043 1520 3094 Val-

465 3110 579 3174 gius
613 3110 876 3162 Senatoris
907 3112 1060 3177 filius,
1096 3117 1246 3181 cujus
1278 3115 1443 3168 frater
1466 3119 1519 3168 iu

462 3187 650 3237 eastris
673 3188 913 3253 Pompeii
930 3189 1158 3256 fuisset,’
1176 3197 1275 3244 dec.
1314 3194 1378 3245 T.
1394 3194 1520 3243 Val-

461 3262 532 3328 gii
552 3266 774 3314 carmina
795 3266 1030 3330 quaedam
1059 3267 1210 3320 affert
1234 3271 1443 3321 Servius
1463 3271 1515 3320 in

460 3339 662 3390 AEneid.
710 3342 725 3367 ⁸
749 3341 852 3390 Sed
881 3356 975 3392 nos
1011 3353 1132 3394 ante
1154 3360 1324 3396 casam
1350 3346 1517 3410 tepidi

459 3415 715 3478 mulgaria
748 3417 899 3467 lactis
930 3419 999 3468 Et
1032 3421 1198 3469 sinum
1221 3421 1323 3471 vini
1346 3435 1515 3471 cessa-

458 3504 573 3539 mus
609 3490 827 3541 fundere
856 3493 1101 3545 Baccho-⁹
1164 3496 1413 3558 Isidorus,
1446 3511 1511 3546 ex

459 3563 811 3620 Annotatione
844 3571 981 3633 Lilii,
1015 3571 1125 3622 ba‘c
1157 3573 1316 3622 etiam
1348 3573 1514 3623 citat:

459 3643 477 3670 ⁸
501 3642 606 3693 Hic
629 3658 742 3694 mea
766 3660 849 3696 me
873 3649 1026 3712 longo
1049 3648 1335 3700 succedens
1358 3662 1516 3713 prora

458 3720 688 3771 remulco
734 3721 1024 3774 Laetautem
1069 3725 1231 3788 gratis
1273 3725 1413 3777 sistit
1460 3724 1514 3776 in

453 3794 731 3860 hospitiis!

525 3876 549 3920 1
591 3873 704 3921 Non
739 3888 918 3937 semper
954 3874 1146 3938 imbres]
1182 3873 1320 3924 Vide
1356 3874 1513 3926 ovid.

457 3960 525 3996 ex
559 3946 731 3998 Ponto
766 3962 841 4000 ιν.
878 3955 928 4000 4.
968 3950 1202 4014 Hispidos
1234 3965 1396 4014 agros,
1430 3951 1514 4000 vel

377 4039 382 4042 ·
455 4021 617 4084 spicis
640 4037 701 4074 ac
723 4021 955 4087 frugibus
977 4027 1191 4076 maturis
1209 4025 1439 4091 hispidos
1459 4034 1513 4077 et

455 4096 714 4160 hirsutos;
753 4100 836 4149 vel
870 4101 1058 4165 potius,
1091 4100 1283 4165 hyemis
1318 4103 1510 4166 asperi-

458 4178 568 4222 tate
609 4171 843 4222 borridos
888 4190 949 4225 ac
994 4175 1272 4226 deformes.
1350 4178 1510 4229 ovid.

456 4246 591 4297 Met.
613 4259 676 4297 ιι.
698 4251 780 4298 8⁰.
817 4251 833 4277 ⁸
858 4249 928 4300 Et
949 4251 1180 4315 glacialis
1201 4253 1399 4315 Hyems
1426 4267 1511 4305 ca-

1600 1995 1697 2031 nos
1718 1980 1911 2031 hirsuta
1933 1978 2183 2046 capillos?

1670 2060 1703 2106 Β
1738 2058 1879 2107 Mure
1917 2055 2166 2120 Caspium]
2205 2052 2324 2105 Hoc
2363 2058 2420 2104 et
2454 2052 2660 2119 Hyrca·

1606 2146 1727 2182 num
1781 2132 1973 2183 dicitur
2019 2132 2084 2183 ab
2128 2129 2400 2196 Hyrcania
2450 2131 2658 2194 regione

1606 2209 1861 2272 proxima,
1881 2223 2035 2274 quam
2060 2208 2222 2270 alluit,
2245 2214 2301 2257 ut
2329 2213 2385 2257 et
2408 2206 2659 2267 Mediam,

1604 2280 1894 2344 Albaniam,
1949 2282 2285 2345 Margianam,
2306 2281 2663 2345 'Sogdianam,

1601 2356 1881 2420 Scythiam.
1950 2356 2123 2408 Hodie
2155 2372 2257 2407 mer
2294 2359 2353 2406 de
2391 2357 2528 2421 Sala,
2555 2359 2658 2419 vel,

1598 2449 1700 2483 mer
1729 2435 1788 2484 de
1811 2434 1990 2497 Bacca,
2025 2437 2108 2497 qe.
2178 2432 2294 2484 Hoc
2333 2434 2351 2463 ⁸
2374 2447 2565 2484 saevum
2601 2441 2659 2484 et

1597 2510 1840 2573 procellis
1875 2509 2105 2575 undique
2141 2510 2434 2573 expositum
2462 2509 2479 2532 ²
2514 2509 2659 2559 Mela

1602 2583 1797 2634 refert:
1833 2591 1889 2634 et
1919 2583 2137 2649 proinde
2167 2583 2417 2633 nominari
2452 2584 2660 2648 potissi·

1600 2674 1738 2709 mum
1761 2659 1842 2708 hic
1866 2658 2079 2709 dixeris.
2131 2658 2203 2709 At
2237 2659 2409 2722 potius
2443 2658 2655 2708 adverte

1601 2734 1960 2799 conglobatam
1979 2731 2193 2795 figuram
2226 2732 2425 2797 speciei
2453 2746 2546 2795 pro
2568 2748 2659 2797 ge·

1599 2823 1744 2874 nere,
1769 2823 1898 2859 aare
1921 2809 2163 2871 Caspium,
2195 2808 2436 2859 Arne-iis
2464 2809 2517 2856 ia
2541 2809 2657 2872 oris,

1597 2886 1908 2951 Aquilonibus
1927 2890 2145 2948 querceta
2161 2884 2402 2946 Gargani,
2417 2883 2541 2945 urai,
2561 2898 2656 2947 pre

1597 2961 1834 3026 quolibet
1866 2961 2017 3022 mari,
2047 2960 2255 3010 Boi-eali
2286 2965 2446 3022 terra,
2483 2966 2659 3018 vento,

1599 3037 1767 3101 sylva,
1789 3035 1992 3097 arbore,
2030 3041 2232 3085 moute:
2283 3048 2384 3099 quo
2418 3048 2517 3084 uon
2551 3049 2658 3084 me·

1598 3111 1787 3161 diocris
1810 3111 2036 3162 Carmini
2058 3119 2297 3160 venustas
2317 3117 2373 3159 et
2400 3110 2657 3173 elegantia

1598 3195 1947 3252 comparatur.

1662 3269 1693 3314 8
1715 3264 1979 3327 Inoequales
1994 3262 2236 3328 procella]
2258 3261 2522 3326 Iuoequale
2539 3262 2657 3312 red·

1597 3341 1780 3392 dentes
1811 3355 2007 3406 a‘quor,
2038 3354 2130 3389 seu
2162 3353 2302 3389 mare
2326 3344 2483 3388 antea
2504 3353 2654 3402 paca·

1598 3425 1706 3469 tum
1733 3418 2025 3479 turbantes,
2044 3414 2333 3480 fluctusque
2358 3415 2525 3464 varios
2548 3426 2653 3464 mo·

1595 3494 1664 3546 do
1687 3495 1954 3555 tollentes,
1974 3492 2128 3542 modo
2149 3489 2522 3555 deprimentes.

1659 3574 1692 3619 4
1726 3568 1974 3618 Armeniis
2005 3566 2058 3616 in
2084 3565 2205 3628 oris]
2237 3563 2370 3615 Haee
2392 3563 2532 3613 Asin
2570 3578 2652 3613 re-

1595 3645 1679 3710 gio
1702 3643 1897 3707 duplex
1921 3648 2023 3705 est,
2053 3647 2273 3705 utraque
2290 3639 2471 3688 Turcis
2495 3641 2648 3689 modo

1595 3726 1778 3785 ραι-εὶς
1802 3720 1994 3781 Major,
2010 3731 2124 3782 quae
2142 3714 2297 3765 bodie
2315 3715 2578 3765 cmo»
2594 3723 2650 3765 et

1598 3795 1926 3857 ammio,
1973 3797 2031 3843 et
2073 3791 2268 3854 Minor,
2315 3805 2432 3855 quoe
2467 3790 2650 3841 Aiada-

1592 3873 1662 3923 lia
1697 3878 1933 3922 vocatur.
1998 3869 2149 3918 Inter
2186 3867 2393 3918 Montes
2418 3867 2651 3919 Taurum

1593 3955 1649 4000 et
1671 3949 1960 3999 Caucasum
1983 3945 2082 3994 sita
2102 3950 2201 3994 est·

1655 4029 1684 4072 6
1714 4022 1907 4072 Glacies
1925 4020 2079 4083 iners]
2103 4019 2252 4082 Aqua
2273 4016 2507 4066 nimirum
2531 4032 2649 4069 con·

1593 4099 1769 4162 gelata
1801 4110 2008 4146 cursum
2046 4108 2148 4144 non
2177 4092 2364 4142 habet:
2403 4093 2484 4143 vel
2506 4096 2644 4160 quod

1593 4175 1766 4241 pigros
1789 4181 1841 4222 et
1866 4171 2072 4221 inutiles
2095 4183 2247 4233 agros
2271 4167 2453 4218 faeiat.
2482 4195 2487 4200 -
