3050 4875
499 374 637 442 240
1386 380 1792 432 exconsus

1263 636 1782 705 EXCURSUS
1860 634 1959 700 11.

1292 825 1391 876 An
1429 825 1473 874 1.
1509 825 1637 875 οι).
1670 829 1721 874 4.
1752 826 1931 873 7—12.

513 1006 627 1055 Vix
660 1011 833 1068 potest
863 1003 1103 1068 exprimi,
1148 1009 1470 1068 quantopere
1503 999 1730 1062 argutati
1776 998 1882 1047 sint
1913 999 1964 1046 iu
1996 997 2071 1046 his
2118 993 2349 1045 versibus
2382 991 2706 1058 explicandis

509 1084 691 1149 Intpp.
724 1084 847 1135 dum
869 1086 953 1135 vel
979 1084 1151 1134 omnia
1185 1081 1481 1145 allegorice,
1501 1087 1609 1138 aut,
1630 1079 1849 1128 Basteri
1872 1078 2049 1139 verbo,
2071 1075 2276 1138 διλόγους
2309 1090 2571 1139 exponere
2602 1079 2708 1122 stu·

513 1163 771 1226 duernnt;
805 1165 886 1214 vel
916 1165 1077 1214 nimia
1096 1162 1334 1213 doctriua
1354 1153 1660 1211 facillimum
1681 1173 1889 1208 sensum
1913 1158 2218 1208 obruerunt.
2284 1157 2456 1206 Facile
2480 1168 2707 1229 corrum-

514 1252 708 1309 puntur
727 1252 884 1310 atque
906 1244 1234 1308 abripiuntur
1259 1243 1350 1291 tali
1374 1239 1752 1305 interpretandi
1776 1239 1976 1289 ratione
1992 1239 2244 1302 Juvenum
2266 1236 2468 1286 fervida
2487 1235 2713 1297 ingenia,

513 1332 830 1374 enervantur
862 1323 1190 1388 pulcherrimi
1222 1320 1505 1371 Poetarum
1543 1322 1664 1369 loci.
1731 1320 1907 1370 Quare
1940 1326 2017 1378 ut,
2033 1319 2076 1367 si
2109 1317 2161 1372 iu
2196 1317 2381 1367 similia
2413 1315 2712 1373 inciderint,

514 1404 742 1454 retinere
774 1403 976 1454 discant
1009 1417 1269 1452 assensum
1308 1415 1475 1458 suum,
1506 1399 1754 1465 quasdam
1791 1413 1950 1462 super
1979 1398 2060 1448 his
2094 1399 2330 1448 versibus
2364 1399 2712 1462 interpretum

518 1497 680 1547 nugas
704 1484 802 1533 illis
825 1498 1115 1548 proponere
1138 1484 1328 1545 placet.

584 1564 893 1613 Scholiastae
933 1577 1028 1627 per
1051 1563 1297 1628 Nymphas
1328 1563 1589 1624 mulieres,
1621 1575 1720 1625 per
1758 1561 1962 1610 Gratias
1999 1560 2224 1623 virgines
2262 1558 2484 1621 intelligi
2520 1557 2717 1615 volunt,

519 1660 636 1710 quas
674 1659 796 1696 vere
833 1643 1086 1693 redeunte
1124 1644 1177 1692 in
1215 1642 1476 1707 publicum
1517 1641 1742 1706 prodire,
1774 1641 2057 1701 ambulare,
2087 1641 2301 1697 saltare,
2322 1639 2522 1701 ludere,
2555 1637 2718 1686 amari

522 1739 699 1774 rursus
723 1723 991 1787 incipiant.
1056 1723 1146 1772 Sic
1168 1730 1223 1772 et
1256 1721 1558 1783 Lambinus,
1579 1721 1860 1786 Cruquius,
1880 1719 1942 1770 Τ.
1964 1719 2150 1783 Faber,
2169 1734 2285 1770 cum
2319 1733 2511 1782 genero
2530 1723 2587 1767 et
2608 1717 2718 1780 opi·

523 1806 733 1855 niouum
767 1802 975 1853 haerede
997 1802 1246 1859 Dacerio‚
1291 1802 1504 1866 aliique.
1569 1799 1827 1866 Cruqnius
1867 1800 1997 1851 adeo
2031 1815 2206 1863 graus
2230 1801 2484 1865 Cyclopum
2512 1799 2720 1863 officinas

523 1885 592 1935 de
631 1885 982 1934 incalescente
1023 1891 1144 1932 tunc
1180 1883 1405 1932 virorum
1443 1882 1693 1932 adversus
1731 1880 1969 1932 foeminas
2002 1881 2187 1931 ardore
2222 1881 2431 1929 videtur
2465 1879 2720 1942 accipere.

518 1964 719 2015 Theod.
753 1963 1021 2014 Marcilius
1058 1964 1231 2013 omnia
1263 1962 1423 2012 refert
1464 1962 1528 2012 ad
1573 1961 1836 2013 Kalendas
1871 1962 2108 2024 Martias,
2141 1976 2182 2011 s.
2215 1960 2547 2023 Matronalia,
2583 1957 2721 2006 omni

524 2057 713 2109 genere
737 2043 938 2093 letitiae
964 2058 995 2093 a
1017 2042 1237 2092 foeminis
1268 2049 1404 2092 acta.
1470 2043 1658 2092 Eorum
1694 2041 2001 2106 gaudiorum
2023 2042 2159 2093 viros
2195 2055 2401 2091 severos
2423 2054 2525 2089 nou
2558 2038 2719 2087 fuisse

524 2123 826 2188 participes,
867 2122 1131 2172 hilariores
1175 2129 1344 2171 autem
1394 2128 1453 2172 et
1495 2122 1815 2184 mulierosus,
1856 2122 2044 2172 bellam
2091 2129 2353 2171 venaturus
2398 2119 2719 2170 occasionem

527 2210 730 2267 nactos,
751 2203 888 2251 inter
912 2203 1027 2251 illas
1050 2202 1280 2250 Veneres
1310 2211 1364 2251 et
1399 2200 1611 2251 Gratias
1643 2210 1845 2266 partem
1866 2202 2148 2266 voluptatis
2172 2202 2405 2265 cepisse;
2437 2205 2494 2249 et
2516 2199 2594 2249 sic
2615 2212 2723 2248 ma-

527 2282 657 2332 ritos
698 2281 995 2330 incubuisse
1018 2278 1131 2330 fere
1164 2279 1386 2343 negotiis
1405 2279 1449 2345 (‘
1470 2281 1759 2331 Vulcanum
1784 2282 1975 2332 ussisse
1998 2280 2295 2345 officinas'),
2327 2289 2383 2330 at
2414 2294 2600 2330 uxores
2620 2279 2722 2329 illis

526 2376 722 2412 cornua
743 2358 952 2411 fecisse.
1019 2359 1324 2409 Doctrinam
1344 2361 1542 2410 vultis?
1606 2362 1937 2412 Inminentem
1957 2362 2144 2411 Lunam
2178 2360 2317 2410 idem
2354 2359 2622 2409 Marcilius
2650 2359 2725 2409 ait

528 2455 644 2491 esse
686 2440 997 2500 amasiam,
1041 2439 1303 2501 νουμηνίαν,
1339 2440 1372 2488 i.
1398 2453 1453 2490 e.
1487 2441 1771 2492 Kalendas.
1834 2441 1921 2492 Sic
1959 2450 2016 2492 et
2052 2442 2120 2491 D.
2158 2442 2440 2492 Heinsius:
2473 2438 2726 2501 ἱσταμένῳ

529 2520 753 2583 σελήνης,
776 2522 810 2572 i.
833 2537 882 2571 e.
916 2519 1176 2582 ἱσταμένου
1193 2520 1355 2582 μηνὸς,
1377 2522 1515 2586 quod
1540 2521 1610 2571 sit
1632 2522 1835 2572 initium
1865 2522 2074 2585 mensis,
2094 2536 2211 2572 cum
2237 2522 2381 2572 Luna
2420 2520 2723 2579 inchoatum

526 2609 583 2652 et
621 2601 870 2665 intelligit
907 2602 1171 2653 Kalendas
1206 2600 1436 2665 Apriles,
1469 2602 1666 2652 Veneri
1700 2617 1891 2653 sacras.
1958 2603 2232 2654 Molestior
2270 2602 2505 2653 omnibus
2542 2609 2625 2652 est
2661 2603 2726 2652 C.

528 2683 711 2732 Barth.
733 2681 1016 2732 Adversar.
1048 2694 1135 2731 ιι.
1159 2685 1207 2731 3.
1233 2680 1299 2730 ad
1324 2682 1551 2732 rationes
1586 2682 1720 2732 adeo
1753 2683 1996 2746 physicas
2021 2691 2075 2733 et
2107 2684 2445 2747 astrologicas
2466 2683 2726 2732 Venerem

529 2770 586 2813 et
611 2763 808 2812 Lunam
834 2775 1100 2811 revocans.
1167 2762 1296 2812 Quis
1317 2775 1418 2811 non
1444 2762 1625 2822 sentit,
1650 2764 1840 2813 talibus
1877 2764 2093 2827 argutiis
2127 2770 2293 2813 totum
2317 2763 2726 2813 venustissimum

530 2843 838 2906 phantasma
859 2841 1041 2902 deleri,
1068 2848 1229 2891 totam
1266 2842 1523 2905 picturam
1556 2842 1806 2892 interire?
1871 2844 2006 2893 Nam
2030 2849 2147 2892 utra
2170 2858 2341 2908 queso
2362 2843 2529 2908 imago
2565 2844 2729 2905 magis

530 2920 740 2986 po‘etlca
757 2929 813 2971 et
828 2921 990 2985 lyrica
1011 2922 1129 2971 est?
1164 2920 1484 2972 foeminarum
1503 2932 1562 2973 et
1583 2923 1870 2987 puellarum
1894 2923 2035 2986 idea,
2055 2938 2122 2973 au
2143 2924 2365 2974 Veneris
2385 2938 2500 2973 cnm
2523 2923 2729 2973 Gratiis

530 3008 586 3052 ct
603 3001 850 3066 Nymphis
873 3002 1212 3065 phantasma?
1245 3003 1509 3053 Vulcanus
1530 3017 1647 3054 cum
1671 3005 2006 3069 Cyclopibus,
2021 3005 2273 3055 anmariti
2294 3005 2551 3054 Romani?
2584 3004 2730 3053 Luna

536 3094 693 3144 supra
718 3087 882 3145 caput
917 3081 1114 3144 lucens,
1147 3095 1212 3131 an
1252 3081 1507 3133 Kolenda
1541 3096 1571 3132 e
1605 3081 1788 3133 fastis?
1851 3083 1942 3139 At,
1978 3085 2163 3150 inquis,
2193 3084 2349 3150 quid?
2378 3085 2421 3134 si
2456 3092 2729 3149 utramque

530 3161 723 3222 ideam,
754 3175 871 3210 cum
905 3162 1184 3224 Venerem,
1217 3161 1449 3225 Gratias,
1482 3162 1768 3227 Nymphas,
1803 3170 1912 3213 tum
1939 3158 2145 3227 ”puellas
2179 3164 2546 3229 mulieresque,
2573 3164 2730 3214 simul
2775 3216 2784 3227 ,

534 3241 801 3303 cogitem?
864 3242 983 3292 Non
1023 3242 1263 3305 equidem
1306 3243 1609 3294 intercedo:
1656 3250 1872 3309 possunt
1900 3245 2108 3296 omnino
2149 3245 2326 3295 multis
2362 3244 2645 3295 lectoribus
2677 3246 2729 3294 in

533 3326 758 3371 mentem
780 3322 956 3372 venire
979 3320 1205 3373 foeminm
1224 3337 1286 3373 ac
1313 3325 1519 3388 puella,
1540 3339 1657 3376 cum
1678 3325 1746 3376 de
1770 3326 2027 3390 Nymphis
2060 3340 2123 3377 ac
2145 3325 2342 3377 Gratiis
2361 3327 2560 3390 legunt.
2623 3326 2730 3377 Sed

534 3401 688 3453 velim
711 3401 956 3451 ostendat
975 3403 1094 3451 mihi
1133 3404 1337 3468 aliquis,
1360 3404 1480 3455 ideo
1499 3413 1556 3456 et
1585 3407 1860 3458 Horatium
1882 3407 1949 3457 de
1982 3406 2167 3472 puellis
2196 3407 2438 3457 Romanis
2459 3405 2738 3471 cogitasse,

537 3490 612 3544 et,
636 3480 775 3546 quod
798 3487 960 3544 caput
982 3489 1084 3544 est,
1123 3482 1254 3532 idem
1303 3486 1418 3548 ejus
1453 3486 1812 3550 exprimendas
1857 3487 1931 3536 illi
1967 3486 2128 3538 fnisse
2159 3489 2257 3537 hoc
2295 3488 2409 3536 loco
2439 3487 2731 3537 consilinm.

535 3561 785 3613 Profecto
808 3562 901 3611 tali
924 3562 1301 3627 interpretandi
1323 3564 1475 3615 modo
1508 3565 1720 3617 tandem
1752 3566 1818 3616 ad
1842 3568 2278 3630 perversissimam
2301 3567 2734 3621 Basterianarum
2783 3580 2792 3595 ·

535 3642 844 3706 dilogiarum
879 3641 1132 3692 rationem
1172 3641 1487 3693 deseremur.
1557 3646 1679 3697 Qua
1716 3647 1873 3711 culpa
1896 3661 2065 3712 neque
2100 3647 2270 3712 ipsum
2301 3646 2631 3696 Sanadonum
2666 3646 2732 3696 ad

535 3723 585 3772 b.
619 3723 655 3771 1.
682 3721 911 3771 eximere
952 3737 1180 3787 possum,
1200 3724 1310 3789 qui,
1331 3723 1458 3774 licet
1496 3725 1803 3788 phantasma
1837 3727 2097 3792 poeticum
2132 3727 2299 3790 ipsum
2325 3740 2430 3776 uon
2451 3727 2738 3788 subvertat,

532 3809 708 3853 tamen
740 3803 891 3852 simul
915 3804 1058 3853 innui
1082 3806 1206 3854 larta
1229 3818 1324 3868 per
1346 3810 1450 3854 tres
1473 3805 1596 3856 inde
1630 3821 1661 3854 a
1687 3807 1936 3858 Kalendis
1961 3806 2128 3871 April.
2164 3814 2346 3857 noctes
2371 3807 2655 3872 puellarum
2681 3807 2734 3857 in

535 3882 756 3933 Veneris
778 3883 1022 3933 honorem
1042 3885 1321 3949 Pei-vigilia
1338 3885 1644 3938 arbitratur.
