3050 4875
46 531 49 546 Ρ

1229 369 1578 420 nonam.
2399 356 2492 422 27

306 513 394 581 U.
418 513 500 580 C.
527 515 683 582 716.
740 513 926 600 App-
950 512 1284 579 Glaodius
1308 511 1624 578 Pulcher.
1673 511 1760 580 C.
1781 513 2149 580 Norbanus
2174 513 2492 582 Flaccus.

985 611 1073 678 A.
1104 614 1182 679 G.
1202 613 1317 681 38.
1406 613 1681 680 Horatii
1707 617 1816 699 ἓξ.

384 756 536 821 Pax
580 773 737 821 cum
778 754 938 819 Sex.
986 754 1316 838 Pompeio
1362 753 1550 820 facta
1593 751 1938 836 dirimitur,
1980 748 2493 824 et'recrudescit

300 877 451 922 cum
481 876 563 921 eo
592 856 856 933 bellum,
884 854 1215 933 Siculum,
1247 871 1306 919 s.
1338 852 1707 921 Piraticum
1746 854 2022 922 dictum.
2083 858 2265 923 Vide
2315 853 2489 923 Plin.

301 973 466 1021 xvi.
526 958 593 1020 4.
647 954 890 1021 Vellei.
953 973 1036 1020 11.
1091 956 1205 1023 73.
1290 956 1501 1039 Igitur
1555 957 1717 1023 huic
1772 977 1952 1023 anno
2009 958 2490 1042 assignandum

298 1055 523 1140 Epod.
576 1071 680 1123 ιν.
730 1075 856 1122 nec
908 1053 1341 1123 differendum
1393 1057 1484 1123 ad
1540 1051 1962 1142 sequentem3
2004 1078 2154 1123 nam
2205 1079 2289 1123 eo
2334 1080 2489 1125 cum

296 1156 536 1222 Caesar
561 1159 715 1241 ipse
738 1177 1012 1241 quoque
1040 1171 1180 1221 xx.
1210 1178 1553 1224 servorum
1584 1157 1799 1224 millia
1826 1160 2277 1224 manumiserit
2303 1168 2370 1232 et
2400 1160 2488 1224 ad

292 1275 551 1323 remum
594 1260 855 1324 dederit
895 1257 1206 1344 (Sueten.
1234 1259 1410 1343 Aug.
1443 1256 1611 1345 16.),
1638 1275 1771 1324 nou
1797 1264 2067 1345 poterat
2091 1265 2244 1325 tun'c
2274 1255 2492 1325 Poeta

295 1361 441 1425 sine
470 1359 727 1425 invidia
752 1363 776 1394 ⁸
798 1350 1109 1425 servilem
1131 1377 1399 1425 manum
1415 1358 1435 1387 ’
1462 1365 1757 1441 tangere.

384 1457 549 1526 Hoc
582 1460 844 1526 demum
876 1475 1053 1525 anno
1087 1455 1455 1525 Horatium
1485 1457 1556 1524 iu
1588 1459 1985 1524 Maecenatis
2013 1457 2378 1524 amicitiam
2421 1468 2491 1526 et

290 1549 828 1626 ‘familiaritatem
881 1562 1247 1642 ascriptum
1288 1575 1466 1637 esse,
1510 1575 1686 1625 uouo
1723 1573 1949 1624 mense
1977 1569 2164 1642 post,
2193 1577 2395 1643 quam
2424 1562 2490 1625 ei

296 1661 809 1725 commendatus
837 1666 1020 1742 esset
1046 1660 1229 1736 (vide
1260 1676 1311 1725 1.
1342 1658 1490 1724 Sat.
1525 1661 1592 1725 6.
1620 1660 1727 1724 52.
1765 1656 1969 1742 sqq.),
1998 1662 2368 1743 apparebat
2396 1681 2490 1726 ex

292 1761 406 1839 iis,
435 1780 593 1844 quae
636 1759 832 1838 ada.
872 1759 963 1825 U.
1021 1771 1409 1826 ncoxxm.
1456 1760 1783 1825 dicentur.
1871 1757 2006 1824 Per
2045 1760 2490 1828 Maecenatem

298 1865 365 1929 iu
426 1862 786 1928 Octaviani
828 1862 1111 1944 gratiam
1156 1859 1561 1939 insinuatur,
1617 1865 1687 1925 et
1735 1859 1997 1925 obtinet
2040 1860 2367 1944 praedium
2422 1864 2489 1927 iu

294 1964 597 2031 Sabinis.

299 2212 387 2278 U.
414 2211 501 2278 c.
524 2214 679 2280 ⁷17.
766 2214 868 2280 n.
905 2214 1293 2383 vm
1324 2214 1664 2382 Affppa.
1753 2216 1833 2281 1..
1865 2175 2194 2281 Gauianus
2224 2214 2487 2282 canus.

1050 2359 1069 2379 .
1160 2365 1179 2383 .
1296 2363 1311 2381 .
1479 2318 1676 2383 oratii
1709 2320 1821 2402 «H.

380 2493 496 2560 Ab
528 2492 860 2579 Agrippa,
884 2503 966 2560 ut
984 2515 1214 2563 recens
1239 2492 1599 2561 aedificatis
1624 2490 1953 2559 classibus
1977 2499 2160 2560 tutus
2183 2513 2490 2559 recessus

295 2602 497 2672 esset,
524 2595 678 2661 lacu
708 2595 982 2663 Averno
1010 2604 1079 2662 et
1109 2592 1401 2661 Lucrino
1444 2614 1598 2660 cum
1641 2593 1809 2659 mari
1842 2596 2230 2675 commisso,
2258 2594 2491 2681 portus

294 2692 529 2762 Julius
576 2694 795 2763 factus
840 2702 963 2761 est.
1035 2694 1199 2763 Vid.
1244 2694 1386 2762 Dio
1446 2707 1726 2760 valu.
1785 2692 1892 2763 50.
1950 2702 2017 2761 et
2064 2694 2173 2761 51.
2261 2690 2491 2780 Hujus

294 2798 528 2882 operis
553 2797 802 2863 mentio
830 2796 902 2862 in
932 2794 1021 2862 A.
1049 2794 1134 2862 P.
1159 2795 1267 2863 63.

379 2896 718 2963 Antonius
757 2898 1046 2963 Athenis
1086 2898 1445 2965 Tarentum
1491 2898 1716 2965 classe
1760 2898 1963 2965 venit.
2054 2897 2340 2965 Octavia
2370 2899 2491 2964 ad·

295 3000 487 3064 ducit
514 2997 983 3076 Octavianum,
1010 3008 1088 3064 ut
1116 3019 1269 3064 eum
1302 3002 1678 3065 conveniat.
1766 2999 1971 3066 Nova
1993 2996 2162 3066 inter
2183 3018 2306 3064 oos
2329 3001 2492 3065 ami-

296 3102 479 3167 citioe
508 3100 753 3184 pactio.
842 3099 987 3173 Dio,
1010 3114 1295 3165 xnvm.
1322 3107 1495 3166 extr.
1574 3101 1829 3166 Eodem
1861 3099 2210 3167 Maecenas
2252 3114 2493 3183 prope·

296 3209 402 3267 rat
456 3220 613 3267 cum
672 3200 992 3278 Horatio,
1050 3198 1355 3283 Virgilio,
1412 3200 1649 3278 Van‘o,
1711 3200 1963 3269 Plotio.
2055 3198 2138 3263 Id
2197 3207 2308 3264 est
2371 3200 2492 3264 iter

297 3300 820 3379 Brundusinam,
849 3299 1259 3384 descriptum
1293 3319 1341 3366 1.
1373 3298 1522 3365 Sat.
1551 3303 1614 3365 5.

300 3550 392 3616 U.
423 3549 506 3617 C.
549 3551 699 3618 718.
787 3551 865 3616 1..
917 3551 1183 3617 Gellius
1235 3544 1620 3634 Poplicola.
1708 3540 1808 3613 Μ.
1855 3548 2194 3613 Cocceius
2241 3546 2490 3615 Nerva.

982 3652 1318 3719 A.c.86.
1394 3652 1804 3736 Horatiis&

384 3827 594 3894 Victo
621 3828 782 3921 Sex.
813 3827 1171 3914 Pompeio,
1201 3827 1620 3895 Octavianus
1651 3827 1938 3893 Romam
1967 3846 2282 3893 reversus
2306 3847 2491 3908 mag-

296 3931 409 3995 nis
450 3930 814 3996 honoribus
857 3928 1163 3996 afficitur.
1250 3929 1647 4015 oppidatim
1697 3928 1872 3994 inter
1918 3928 2108 3993 Deos
2133 3924 2489 3992 Tutelares

294 4037 742 4097 consecratur.
830 4028 1124 4115 Appiau.
1167 4050 1232 4095 v.
1277 4048 1345 4115 p.
1394 4026 1587 4099 11⁷8.
1674 4031 2026 4106 Phraates,
2087 4027 2487 4093 Parthorum

292 4148 446 4211 rex,
475 4133 548 4196 iu
577 4150 742 4197 suos
772 4132 955 4198 cives
985 4132 1226 4198 smvire
1251 4130 1521 4216 occipit.
1998 4166 2002 4171 ·

424 4412 449 4448 Ι
