3050 4875
490 365 622 431 192
1204 379 1272 438 Q.
1320 378 1637 426 nonar-11
1691 378 1952 428 resecr

668 522 1054 588 Demissum
1078 541 1096 597 3
1145 522 1456 604 quamvis
1487 522 1730 606 clypeo
1755 521 2051 606 Trojana
2079 520 2293 586 refixo

748 625 1083 707 Tempora
1110 628 1419 700 testatuS,
1450 624 1611 688 nihil
1646 625 1821 688 ultra

664 725 931 790 Nervos
957 730 1159 807 atque
1191 731 1408 787 cutem
1439 723 1641 790 morti
1670 730 2089 788 concesserat
2118 730 2319 802 atrae3

749 827 794 892 J
798 825 995 891 udice
1025 833 1116 903 te,
1146 845 1283 890 non
1310 826 1620 890 sordidus
1651 831 1882 890 auctor

496 1018 709 1063 tenetur.-
741 1027 1007 1077 quanquam
1024 1015 1236 1062 detracto
1258 1017 1389 1060 scuto
1411 1026 1486 1060 res
1509 1011 1740 1070 Troianus
1760 1010 2057 1075 testificatas,
2072 1016 2247 1072 proeur
2268 1026 2435 1061 moos
2454 1017 2502 1060 et
2513 1012 2683 1075 pellens

494 1078 636 1140 nigro
656 1080 748 1127 leto
768 1077 892 1127 nihil
911 1077 1196 1139 tradiderat,
1211 1079 1260 1124 tc
1280 1075 1480 1136 arbitro,
1511 1088 1604 1122 non
1627 1073 1849 1135 ignobilis
1869 1075 2005 1126 testis
2023 1080 2206 1124 natarae
2227 1081 2275 1125 ct
2295 1077 2527 1125 οιήιιιιὶε.
2589 1076 2679 1126 Vc·

1413 1200 1773 1221 emeeeonee

495 1285 729 1336 dant—8
761 1282 873 1334 Alt.
899 1287 945 1333 1.
978 1284 1190 1333 advrsum
1209 1282 1263 1330 ἐκ
1283 1286 1576 1334 σεται-12
1609 1282 1829 1332 Mentel.
1847 1289 1902 1332 et
1926 1283 2077 1332 Dess.
2098 1287 2149 1333 2.
2171 1283 2242 1332 nil
2261 1284 2531 1332 uum—14
2552 1283 2571 1310 ‘
2589 1284 2685 1331 Ju-

494 1350 599 1399 dt‘ce
620 1354 669 1398 te
693 1348 899 1409 vulgata
921 1348 1142 1395 omnium
1167 1346 1291 1396 libb.
1316 1348 1492 1403 lectio,
1515 1345 1608 1396 sed
1646 1361 1796 1411 quam
1818 1355 2114 1410 corruptam
2153 1361 2264 1396 esse
2302 1345 2458 1396 facile
2490 1345 2685 1409 videat,

496 1414 583 1478 qui
607 1413 820 1475 cogitet,
845 1409 1125 1474 Archytam
1161 1410 1246 1458 vix
1284 1423 1433 1472 posse
1469 1409 1537 1459 ad
1576 1417 1784 1460 nautam
1815 1409 2210 1471 dicerezjudice
2243 1417 2304 1463 te.
2372 1411 2524 1460 Licet
2545 1410 2682 1459 enim

497 1475 636 1539 apud
663 1477 868 1539 vulgum
885 1475 1041 1524 etiam
1062 1476 1114 1522 in
1137 1482 1286 1537 parte
1306 1473 1532 1524 inferiori
1555 1473 1723 1523 Italiae
1748 1489 1982 1538 magnam
2000 1473 2161 1524 fuisse
2177 1475 2352 1524 dicant
2368 1474 2684 1536 Pythagora

499 1540 879 1596 auctoritatem,
898 1538 1023 1587 illud
1049 1543 1218 1587 tamen
1254 1538 1403 1593 valde
1439 1538 1697 1586 diversum
1734 1544 1790 1588 et
1831 1552 1993 1602 prope
2029 1539 2260 1602 ineptum
2301 1537 2465 1588 videri
2508 1546 2688 1603 queat,

495 1604 866 1666 Philosophum
891 1603 956 1650 de
983 1602 1294 1665 Pythagora
1318 1602 1512 1662 schola,
1534 1601 1656 1651 dum
1693 1602 1988 1664 magistrum
2025 1617 2171 1651 snum
2206 1603 2461 1653 extollere
2498 1611 2552 1651 et
2591 1601 2686 1650 im·

495 1669 812 1717 mortalitate
835 1666 1042 1728 dignum
1062 1664 1332 1715 declarare
1357 1666 1486 1726 vult,
1508 1666 1711 1714 laudem
1735 1667 1873 1715 illius
1897 1680 1959 1715 ac
1982 1666 2186 1728 merita,
2209 1680 2309 1715 non
2332 1665 2398 1715 nd
2415 1665 2684 1726 suum,sed

500 1731 565 1782 ad
606 1731 836 1793 imperiti
872 1728 1106 1791 hominis,
1150 1737 1344 1789 nautae,
1375 1730 1391 1757 ‘
1413 1728 1704 1791 judicium’
1738 1743 1999 1779 revocare.
2084 1730 2235 1782 Quod
2281 1730 2409 1779 bene
2445 1729 2684 1778 videntes

499 1796 616 1845 VV.
642 1796 763 1844 DD.
788 1799 956 1843 nautae
977 1792 1143 1842 adhuc
1181 1794 1295 1842 hoec
1337 1794 1507 1841 omnia
1547 1792 1898 1842 attribuerunt
1936 1808 2099 1857 usque
2137 1797 2202 1843 sd
2240 1809 2312 1843 vs.
2342 1798 2427 1843 20.
2458 1792 2548 1841 sed
2587 1795 2684 1841 hoc

499 1860 635 1908 male
654 1856 789 1920 fieri,
812 1871 974 1907 nexus
993 1858 1365 1906 sententiarum
1389 1856 1563 1906 docet.
1629 1856 1820 1921 Itaque
1852 1858 2029 1906 Jsdiee
2048 1873 2122 1908 nie
2152 1859 2286 1921 conj.
2322 1859 2413 1907 vir.
2436 1857 2576 1907 doct.
2599 1872 2684 1919 ap.

502 1922 725 1985 Cuning.
749 1927 855 1970 tam
881 1919 1103 1971 feliciter
1130 1928 1186 1970 et
1218 1921 1605 1982 convenienter,
1642 1929 1700 1969 ut
1737 1935 1839 1970 non
1877 1921 2130 1982 dubitem,
2148 1922 2273 1986 quin
2312 1922 2421 1971 haec
2457 1936 2576 1969 vera
2615 1923 2685 1970 sit

500 1986 676 2035 lectio.
733 1985 1052 2035 Facillimum
1074 1985 1211 2035 euim
1234 1992 1365 2041 erat,
1389 1984 1671 2045 permutari
1693 1990 1740 2033 te
1760 1993 1814 2033 et
1837 2000 1927 2041 me,
1951 1986 2178 2048 inprimis
2202 1986 2245 2033 si
2270 1986 2506 2034 librarius
2531 1991 2683 2047 puta·

503 2059 604 2113 ret,
628 2055 835 2099 nautam
859 2049 1024 2098 adhuc
1046 2047 1207 2112 loqui.
1267 2049 1441 2098 dedice
1470 2064 1521 2098 se
1554 2049 1690 2111 conj.
1715 2063 1800 2112 ap.
1838 2048 2018 2100 Jones.
2043 2048 2177 2113 quod
2214 2056 2337 2099 tunc
2372 2048 2439 2097 ad
2476 2056 2686 2098 antece·

1484 2192 1699 2242 Nom-2

501 2302 616 2338 cum
647 2302 713 2337 eo
749 2290 941 2338 versari
982 2289 1190 2338 solitum
1221 2297 1277 2340 et
1317 2288 1555 2354 colloqui.
1634 2287 1798 2338 refert
1830 2287 2053 2353 Diogen.
2075 2288 2246 2338 Laert.
2264 2287 2355 2337 lib.
2379 2301 2501 2337 vm.
2572 2286 2687 2354 Hoc

505 2362 667 2413 Aiunt
682 2378 868 2427 nempe
883 2363 1113 2414 MinoEm
1131 2365 1555 2428 regem,Creten-
1638 2380 1760 2414 vero
1790 2367 2051 2428 posterius
2084 2365 2240 2415 Ovid.
2280 2365 2414 2414 Met.
2439 2378 2537 2414 xv.
2559 2364 2687 2414 Fab.

501 2440 643 2490 sibus
673 2441 797 2490 dare
834 2442 974 2504 leges
1004 2441 1284 2503 volentem,
1314 2442 1367 2491 in
1405 2449 1554 2492 antro

500 2533 615 2568 sese
639 2518 950 2580 condidisse,
969 2519 1055 2568 ubi
1078 2534 1135 2569 se
1159 2534 1276 2570 cum
1292 2520 1424 2573 Jove
1447 2536 1556 2570 ser·

500 2595 810 2643 mocinatum
831 2594 1154 2658 praedicavit,
1177 2603 1333 2661 atque
1356 2611 1423 2645 ex
1444 2597 1554 2660 ejus

500 2668 715 2719 consilio
738 2677 927 2718 cuncta
959 2669 1233 2718 statuisse:
1269 2684 1425 2733 porro
1445 2670 1555 2732 jus-

501 2745 634 2793 titiae
655 2742 794 2793 fama
815 2745 1009 2793 clarum
1037 2744 1171 2807 apud
1194 2742 1397 2794 Inferos
1411 2745 1555 2806 judi-

501 2833 614 2868 cem
651 2834 682 2869 a
725 2820 953 2870 Plutone
994 2820 1345 2871 constitutum.
1414 2821 1553 2871 Hinc

502 2907 603 2942 non
627 2893 717 2942 abs
742 2908 798 2942 re
831 2894 1053 2944 credunt
1076 2894 1234 2959 aliqui
1260 2910 1354 2960 per
1384 2896 1555 2946 Jovem

500 2969 583 3019 hic
604 2968 883 3034 significari
907 2971 1198 3034 Plutonem,
1225 2973 1313 3036 qui
1346 2972 1554 3038 quidem

500 3043 517 3071 ‘
540 3043 755 3109 Jupiter
790 3045 1032 3111 Stygius’
1054 3061 1087 3096 a
1107 3046 1328 3110 Virgilio
1365 3046 1555 3097 dicitur

499 3120 702 3173 AEneid.
727 3134 806 3171 lv.
828 3126 942 3172 638.

566 3196 852 3260 Habentqnoe
878 3200 1079 3249 Tartara
1109 3200 1433 3265 Panthoiden]
1474 3201 1554 3250 Ex

501 3269 598 3320 hac
644 3271 800 3319 etiam
847 3272 951 3321 vita
993 3275 1164 3323 denuo
1207 3276 1383 3331 cessit,
1418 3273 1555 3338 jam-

502 3358 605 3409 que
635 3344 687 3393 in
713 3343 899 3395 Inferis
932 3346 1078 3409 degit
1116 3346 1555 3398 celebratissimus

502 3418 589 3467 ille
626 3419 1085 3481 transmigrationis
1117 3421 1399 3470 animarum
1431 3436 1555 3473 auc·

504 3503 586 3543 tor
622 3493 966 3557 Pythagoras,
986 3495 1070 3559 qui
1108 3508 1164 3543 se
1197 3493 1359 3544 fuisse
1384 3496 1556 3558 jacta-

502 3569 594 3618 bat
628 3568 962 3632 Euphorbum
988 3568 1210 3619 Panthei
1234 3568 1392 3619 tilium
1415 3572 1551 3634 apud

500 3643 725 3707 Troiam,
768 3651 927 3709 atque
960 3660 991 3695 a
1030 3645 1272 3694 Menelao
1310 3644 1555 3695 interfec-

503 3726 610 3769 tum
633 3719 849 3769 subinde
871 3720 1142 3784 revixisse,
1157 3729 1211 3770 et
1228 3718 1423 3770 factum
1446 3721 1554 3785 Py·

502 3794 799 3857 thagorsm3
834 3795 990 3860 idque
1026 3796 1347 3846 intellexisse
1384 3797 1556 3861 agnito

502 3869 690 3932 clypeo
723 3883 874 3933 quem
899 3877 1129 3932 gestarat
1152 3874 1271 3921 olim
1293 3873 1344 3923 in
1375 3873 1557 3937 Troja-

501 3960 569 3994 no
594 3945 728 3995 bello
744 3945 865 3995 dum
889 3946 1190 4010 Euphorbus
1213 3956 1371 3999 esset.
1437 3951 1556 4013 Cly·

505 4035 632 4085 pens
669 4029 842 4073 sutem
880 4021 968 4071 ille
1000 4030 1240 4086 repertus
1273 4023 1326 4072 in
1360 4026 1554 4090 templo

503 4095 612 4143 sive
632 4094 890 4159 Apollinis
931 4096 1069 4160 apud
1103 4097 1268 4147 Cariae
1290 4099 1556 4163 oppidum,

503 4170 612 4220 sive
630 4170 845 4222 Junouis
867 4172 1007 4239 apud
1037 4172 1224 4239 Argos.
1259 4176 1409 4227 Prius
1431 4175 1558 4227 illud

1634 2445 1682 2490 3.
1752 2442 1832 2490 Ex
1866 2442 1942 2491 his
1978 2442 2134 2491 habes
2173 2442 2437 2505 explicata
2469 2456 2584 2507 quae
2607 2456 2690 2492 se·

1635 2524 1877 2580 uniuntur,
1896 2518 2070 2566 iterum
2094 2520 2217 2566 Orco
2232 2518 2497 2567 demissius.
2535 2519 2690 2578 Item,

1633 2593 1845 2655 quumvis
1865 2594 2020 2657 clypeo
2047 2593 2252 2654 Trajan
2279 2593 2427 2656 refixo
2462 2593 2696 2656 Tempora·

1632 2671 1846 2717 testatus.
1882 2666 2039 2716 ovid.
2058 2667 2149 2717 cit.
2163 2683 2237 2717 vs.
2250 2671 2363 2717 1⁵8.
2381 2668 2457 2717 sic
2473 2668 2690 2732 loquen-

1631 2748 1739 2790 tem
1782 2743 1982 2791 inducit
2032 2743 2418 2807 Pythagoram:
2470 2750 2486 2773 ⁸
2511 2745 2688 2794 Morte

1633 2825 1813 2866 carent
1836 2819 2037 2872 snimae,
2061 2833 2389 2883 semperque,
2409 2819 2581 2883 priore
2605 2833 2690 2868 re·

1634 2893 1757 2942 licta
1779 2892 1935 2956 Sede,
1957 2894 2099 2943 novis
2122 2893 2360 2944 domibus
2384 2896 2568 2943 vivunt
2600 2895 2689 2944 ba·

1633 2966 1906 3031 bitantque
1942 2975 2186 3031 recepte.
2253 2968 2376 3031 Ipse
2413 2983 2508 3032 ego
2544 2972 2688 3032 (uam

1634 3042 1866 3104 memini)
1884 3043 2093 3107 Trojani
2125 3050 2360 3108 tempore
2394 3044 2515 3094 belli
2551 3046 2692 3095 Pan-

1638 3118 1839 3167 thoides
1876 3119 2183 3183 Euphorbus
2225 3134 2400 3169 eram:
2435 3121 2518 3169 cui
2564 3134 2692 3184 pec·

1637 3202 1750 3245 tore
1771 3196 2027 3261 qnondam
2050 3194 2222 3245 Hesit
2242 3196 2295 3244 in
2332 3196 2550 3246 adverso
2572 3210 2688 3261 gra·

1637 3271 1711 3320 vis
1748 3272 1898 3321 hasta
1936 3271 2145 3321 minoris
2168 3271 2385 3322 Atridae.
2452 3271 2685 3337 Cognovi

1635 3349 1872 3412 clypeum
1897 3348 2040 3397 laevae
2056 3347 2341 3411 gestamina
2363 3357 2554 3399 nostre
2576 3348 2689 3397 Nu-

1636 3437 1733 3486 per
1752 3422 2002 3472 Abanteis
2028 3423 2219 3487 templo
2242 3422 2459 3475 Junonis
2495 3423 2546 3472 in
2587 3422 2690 3473 Ar·

1635 3498 1750 3563 gis!

1702 3577 1762 3622 12
1799 3573 1941 3623 Nihil
1970 3575 2097 3623 ultra
2121 3574 2321 3633 Ner-ros,
2342 3574 2451 3639 qt]
2498 3572 2688 3624 Animo

1634 3664 1839 3714 semper
1893 3652 2090 3715 vivens,
2152 3665 2372 3714 corpore
2428 3652 2689 3702 duntaxat

1634 3734 1865 3777 mortuus
1891 3741 1991 3776 non
2032 3726 2206 3776 semel.
2268 3727 2356 3777 Sic
2392 3729 2688 3793 palingene-

1635 3803 1760 3852 siam
1792 3809 1847 3850 et
1884 3803 2349 3866 metempsychosin
2372 3804 2687 3868 Pythagora

1636 3875 1871 3941 explodit
1913 3884 2089 3925 noster
2129 3876 2312 3928 Poeta.
2356 3878 2491 3927 Vide
2536 3879 2688 3929 Pers.

1637 3953 1745 4000 Sat.
1763 3963 1838 4001 vr.
1853 3952 1932 3998 11.
1950 3949 2034 3998 ubi
2055 3957 2110 4000 et
2126 3951 2369 4000 annotavi
2384 3967 2486 4002 non
2506 3968 2690 4016 pauca.

1637 4027 1747 4077 Cic.
1769 4038 1809 4076 ι.
1827 4026 1894 4076 de
1915 4025 2043 4076 Nat.
2064 4027 2229 4078 Deor.
2255 4027 2374 4078 Val.
2398 4028 2541 4080 Max.
2563 4042 2689 4080 vur.

1633 4107 1682 4153 7.
1700 4105 1800 4154 &c.
