3050 4875
459 380 550 445 22
1390 395 1491 444 ns
1538 395 1719 446 vrrs

547 538 781 605 Patria
807 544 951 603 erat
975 536 1303 615 Venusia,
1341 533 1474 614 vel,
1516 544 1595 602 ut
1637 537 1779 614 alii,
1804 536 2197 615 Venusiam,
2227 537 2643 603 Dauniorum

462 640 733 710 colonia
781 638 995 724 (Pliu.
1049 655 1165 703 ιιι.
1215 640 1323 703 11.
1377 638 1604 703 Strab.
1663 654 1763 702 vr.
1822 657 1889 721 p.
1939 634 2142 720 195.),
2198 658 2372 703 anuo
2424 639 2514 703 U.
2560 639 2643 705 C.

463 755 841 804 ccccnxn.
870 738 1158 804 deducta
1184 737 1456 817 (Vellei.
1508 754 1555 800 ι.
1604 735 1770 821 14.),
1798 737 2118 821 oppidum
2149 757 2281 801 non
2327 739 2643 820 ignobile,

461 837 808 924 σῦτιίχιπον
834 839 1082 903 dictum
1123 838 1437 922 Polybio,
1486 853 1602 903 m.
1640 837 1752 903 90.
1789 837 1860 900 in
1902 837 2188 904 confinio
2216 838 2645 922 Appulorum

461 948 530 1006 et
556 939 973 1005 Lucanorum
1002 939 1100 1004 ita
1127 938 1352 1014 situm,
1379 943 1453 1003 ut
1478 956 1731 1021 anceps
1759 942 1965 1015 esset,
1996 946 2151 1003 utro
2181 939 2408 1022 potius
2443 942 2647 1023 perti·

462 1047 661 1105 neret.
725 1039 905 1105 Vide
940 1055 1019 1103 ιι.
1048 1038 1195 1103 Sat.
1227 1054 1280 1104 1.
1308 1038 1416 1104 34.
1509 1038 1871 1104 Proximus
1899 1044 2044 1104 erat
2068 1037 2313 1104 Vultur
2336 1059 2550 1119 mons,
2579 1048 2648 1106 at

461 1142 530 1204 in
575 1140 918 1217 Peucetia,
946 1138 1161 1203 altera
1188 1136 1511 1223 Appuliae
1542 1146 1768 1223 parte;
1812 1140 1970 1204 vide
2003 1155 2117 1203 ιιι.
2145 1139 2280 1205 Od.
2307 1143 2374 1205 4.
2404 1143 2468 1206 9.
2498 1160 2646 1225 sqq.

462 1241 544 1304 In
585 1260 669 1305 ea
713 1242 985 1321 regione
1024 1240 1307 1322 agellum
1353 1259 1639 1323 parvum
1691 1240 2007 1306 babuisse
2052 1246 2305 1324 patrem
2358 1241 2648 1317 Horatii,

460 1346 723 1407 constat
768 1360 857 1406 ex
899 1357 946 1405 1.
976 1340 1119 1405 Sat.
1148 1341 1216 1405 6.
1245 1340 1356 1404 ⁸71.
1443 1339 1614 1405 Cum
1642 1340 2014 1424 Appuliam
2056 1342 2405 1424 attingeret
2452 1340 2646 1405 Cala-

461 1443 627 1520 bria,
661 1441 958 1507 Martiali
995 1441 1241 1507 Noster
1268 1440 1560 1507 Calaber
1585 1443 1793 1507 etiam
1820 1441 2061 1520 dictus,
2093 1458 2258 1506 vm.
2285 1442 2391 1507 18.
2416 1442 2479 1505 5.

677 1738 764 1803 U.
790 1737 870 1804 C.
894 1738 1049 1805 606.
1136 1739 1216 1804 L.
1242 1737 1655 1823 Calpurnius
1699 1740 1889 1805 Piso.
1954 1739 2043 1804 A.
2077 1738 2432 1805 Gabinius.

1154 1839 1245 1906 A.
1277 1841 1354 1907 C.
1382 1841 1494 1906 58.
1581 1840 1861 1906 Horatii
1887 1843 1952 1925 ἦ.

555 2030 759 2097 Pater
787 2031 1088 2112 Horatii,
1118 2034 1384 2116 ingenui
1414 2040 1486 2098 et
1504 2032 1813 2116 generosi
1837 2034 1937 2098 vir
1965 2032 2195 2110 animi,
2224 2051 2379 2097 cum
2408 2032 2477 2094 in
2507 2028 2647 2098 filio

461 2128 726 2211 elegans
778 2131 1111 2213 ingenium
1156 2134 1739 2210 animadverteret,
1789 2152 2054 2197 omnem
2099 2152 2325 2197 curam
2367 2132 2434 2196 in
2465 2131 2650 2196 illius

459 2229 854 2295 educatione
882 2233 1136 2315 posuit,
1160 2241 1234 2299 et
1263 2233 1581 2318 quicquid
1611 2252 1702 2299 ex
1735 2234 2169 2300 facultatibus
2197 2233 2463 2316 exiguis
2491 2248 2651 2314 pos-

464 2335 587 2407 set,
618 2332 898 2414 benigne
944 2333 1013 2397 in
1052 2352 1203 2398 eam
1250 2335 1591 2418 impendit.
1680 2332 1922 2416 Agello
1961 2336 2142 2399 enim
2188 2353 2315 2399 suo
2353 2333 2483 2397 sub
2522 2332 2650 2396 boc

463 2437 730 2517 tempus
751 2433 1025 2500 vendito
1053 2455 1335 2520 puerum
1380 2434 1669 2501 Romam
1711 2434 2019 2513 deduxit,
2063 2435 2291 2519 ibique
2317 2433 2653 2499 exactoris

461 2552 730 2600 munere
789 2541 995 2615 emto,
1042 2537 1252 2602 filium
1307 2556 1442 2602 non
1496 2536 1715 2601 solum
1773 2535 2166 2601 liberalibus
2222 2534 2651 2617 honestisque

464 2635 720 2700 artibus
749 2638 857 2715 iis,
901 2639 1149 2723 quibus
1190 2639 1509 2703 nobilium
1555 2638 1750 2702 liberi
1796 2637 2329 2713 instituebantur,
2359 2635 2651 2698 imbuen-

463 2733 625 2798 dum
655 2739 944 2815 curavit,
968 2740 1218 2823 spretis
1262 2740 1374 2817 iis,
1420 2758 1578 2822 quse
1624 2738 1709 2803 ad
1760 2739 1974 2803 solum
2021 2746 2348 2821 quaestum
2377 2743 2654 2820 specta-

461 2843 652 2917 reut;
694 2838 1123 2923 habitumque
1152 2848 1219 2906 et
1245 2841 1642 2906 comitatum
1686 2842 1752 2906 oi
1794 2840 1999 2917 dedit,
2042 2839 2162 2923 qui
2205 2856 2330 2902 nec
2359 2836 2650 2901 nobilem

462 2955 735 3020 puerum
781 2939 1172 3022 dedeceret;
1228 2942 1348 3006 sed
1396 2943 1603 3007 etiam
1649 2961 1907 3007 morum
1957 2941 2078 3005 filii
2135 2940 2283 3023 ipse
2339 2938 2651 3004 assiduus

463 3044 697 3103 custos
748 3047 813 3105 et
865 3046 1101 3120 rector,
1147 3045 1600 3127 virtutumque
1646 3046 1711 3109 ei
1769 3044 2060 3108 omnium
2110 3047 2179 3107 et
2218 3040 2536 3122 magister
2580 3047 2655 3104 et

462 3139 842 3221 exemplum
879 3140 1039 3223 fuit3
1082 3162 1365 3227 eumque
1403 3163 1540 3210 non
1588 3144 1867 3209 divitem
1908 3150 1979 3208 et
2021 3162 2355 3223 maguum,
2381 3139 2502 3206 sed
2532 3140 2654 3205 bo·

461 3259 617 3303 num
666 3248 736 3304 et
786 3242 1128 3308 honestum
1177 3246 1538 3327 aliquando
1595 3246 1810 3311 virum
1867 3263 2018 3309 esse
2074 3244 2306 3310 voluit.
2371 3240 2554 3306 Vide
2602 3256 2652 3303 1.

318 3342 323 3347 ’
463 3339 604 3403 Sat.
630 3342 697 3405 6.
724 3343 1009 3408 66-92.
1034 3346 1205 3427 grati
1250 3346 1319 3409 in
1350 3345 1556 3410 talem
1583 3352 1836 3427 patrem
1869 3344 1988 3409 filii
2018 3342 2390 3409 immortale
2419 3360 2651 3407 monu-

463 3455 778 3507 mentum.

552 3542 712 3606 Fuit
762 3543 1019 3625 primus
1070 3542 1341 3608 Horatii
1397 3552 1776 3628 praeceptor
1827 3543 2125 3609 Orbilius
2178 3542 2518 3626 Pupillus,
2566 3562 2650 3607 eo

462 3649 764 3726 tempore
796 3641 1034 3707 Romae
1068 3642 1586 3709 Grammaticum
1630 3646 1989 3727 professus,
2033 3644 2174 3728 qui,
2217 3663 2305 3708 ex
2348 3642 2652 3708 instituto

464 3742 614 3827 ejus
671 3745 891 3809 oetatis
948 3743 1361 3821 Scholarum,
1416 3745 1775 3810 enarrabat
1837 3745 2062 3829 pueris
2120 3743 2412 3808 carmina
2473 3742 2652 3809 Livii

462 3842 828 3908 Andronici
859 3850 930 3907 et
964 3843 1277 3908 Homeri:
1324 3860 1374 3908 1.
1411 3842 1634 3927 Epist.
1664 3846 1728 3910 2.
1751 3848 1857 3912 70.
1896 3862 1973 3909 ιι.
1994 3845 2060 3910 2.
2088 3844 2199 3908 ⁴1.
2291 3842 2400 3908 cf.
2433 3841 2653 3921 Quiu-

461 3945 563 4008 til.
592 3962 640 4008 1.
667 3945 731 4007 8.
818 3942 1208 4009 Graecarum
1253 3946 1558 4029 inprimis
1600 3948 1937 4013 literarum
1981 3945 2502 4021 amantissimus,
2534 3963 2653 4008 ea·

462 4064 606 4111 rum
632 4046 1042 4130 exquisitam
1081 4046 1521 4129 cognitionem
1560 4045 1810 4114 Noster
1834 4046 1968 4111 sibi
1997 4065 2041 4110 a
2069 4062 2276 4130 puero
2302 4061 2650 4128 compara·

462 4145 616 4225 bat3
663 4163 713 4211 ι.
742 4146 883 4210 Sat.
913 4147 1020 4211 10.
1048 4147 1154 4212 81.
1246 4145 1331 4210 Α.
1362 4145 1440 4211 Ρ.
1466 4148 1618 4213 269.
