3050 4875
498 360 588 426 36
1212 378 1308 426 nn
1357 376 1613 425 Amicis
1662 375 2006 427 noRA‘ru.

499 540 587 585 ex
615 541 695 585 eo
727 519 1118 602 Fragmenta
1150 519 1449 585 Macrob.
1495 537 1589 583 νι.
1620 522 1683 584 l.
1735 526 1805 584 et
1848 520 1912 584 2.
1967 539 2121 605 quae
2171 521 2466 586 divinum
2505 524 2693 605 inge-

499 623 684 686 nium
736 621 1041 705 prodant.
1146 623 1486 687 Laudatur
1543 623 1851 705 inprimis
1903 622 2263 706 ThyesteS,
2309 623 2692 705 Tragoedia,

499 743 699 808 quam
734 723 1011 801 Quintil.
1039 739 1120 787 x.
1150 726 1211 786 1.
1241 724 1518 790 cuilibet
1545 723 1933 790 Graecarum
1962 731 2348 808 comparat3
2380 733 2451 789 et
2471 724 2692 790 Pane-

499 825 763 909 gyricus
795 827 865 889 in
895 822 1297 907 Augustum.

584 927 664 989 L.
685 927 1040 991 Munatius
1079 926 1395 1003 Plancus,
1426 925 1512 991 ad
1555 946 1753 1009 quem
1799 934 1912 991 est
1961 943 2018 990 1.
2068 925 2200 992 Od.
2242 930 2306 993 7.
2352 929 2551 1013 cujus
2603 928 2692 994 ad

499 1024 909 1103 Ciceronem,
963 1047 1045 1092 ac
1097 1029 1402 1092 vicissim
1447 1028 1650 1111 hujus
1696 1027 1781 1093 ad
1823 1028 2007 1093 illum
2055 1027 2382 1112 Epistelae
2426 1038 2689 1107 extant,

499 1134 722 1192 orator
766 1147 899 1193 non
930 1127 1276 1209 ignobilis,
1303 1128 1487 1193 civili
1532 1129 1714 1193 bello
1744 1127 2062 1205 Antonio,
2092 1130 2178 1194 ad
2224 1128 2691 1195 Mutinam‘su-

496 1237 682 1312 gato,
712 1249 864 1294 cum
890 1229 1130 1294 Asinio
1165 1229 1473 1294 Pollione
1503 1249 1576 1293 se
1604 1229 1935 1313 adjunxit.
2005 1230 2184 1294 Pace
2213 1231 2417 1307 facta,
2447 1251 2509 1295 a.
2535 1234 2689 1297 711.

498 1331 664 1397 Cos.
693 1332 842 1410 fuit,
890 1329 1170 1414 Collega
1211 1330 1309 1394 Μ.
1345 1330 1627 1413 Lepido.
1712 1330 1978 1395 Secutis
2018 1330 2219 1395 bellis
2249 1331 2542 1397 Antonio
2570 1333 2692 1398 ad-

494 1433 711 1509 haesit,
740 1450 785 1497 a
812 1451 946 1516 quo
975 1430 1062 1497 ad
1094 1431 1543 1496 Octavianum
1585 1431 1943 1514 transfuga,
1988 1433 2242 1514 magnis
2272 1433 2541 1516 quidem
2570 1434 2691 1499 ho·

492 1534 770 1598 neribus
791 1532 1087 1611 functus,
1111 1533 1314 1596 etiam
1336 1531 1618 1611 Censor,
1636 1537 1703 1596 et
1717 1530 1934 1616 (quod
1950 1553 1988 1596 e
2011 1551 2284 1597 nummo
2301 1533 2503 1599 docet
2519 1534 2690 1600 Tor·

491 1631 694 1719 rent.)
743 1632 914 1697 Urbi
961 1632 1337 1699 Praefectus
1384 1633 1539 1711 fuit,
1584 1632 1702 1697 sed
1749 1652 2086 1717 nunquam
2139 1631 2451 1717 Augusto
2489 1635 2688 1700 fidem

492 1753 686 1800 suam
716 1734 985 1817 probari
1010 1734 1355 1798 intellexit.

578 1835 836 1901 Varum
862 1834 948 1920 (1.
980 1834 1112 1899 od.
1145 1835 1284 1912 18.)
1345 1835 1739 1901 Torrentius
1780 1841 1974 1919 putat
1999 1855 2148 1900 esse
2179 1835 2256 1900 L.
2289 1803 2684 1915 Quintilium

493 1934 771 2014 Varum,
816 1938 886 2000 in
936 1936 1299 2001 Germania
1342 1956 1617 2013 caesum,
1660 1942 1886 2000 centra
1928 1943 2300 2018 temporum
2336 1939 2684 2003 rationem.

494 2037 653 2103 Vid.
690 2036 771 2102 Τ.
813 2038 979 2102 Fab.
1012 2037 1237 2120 Epist.
1269 2054 1350 2101 ιι.
1381 2038 1489 2102 46.
1581 2035 1868 2100 Rectius
1895 2036 2270 2119 intelligunt
2297 2037 2376 2101 L.
2405 2038 2686 2118 Varum,

497 2136 920 2222 Epicureum,
952 2136 1244 2202 Caesaris
1287 2139 1600 2212 amicum,
1647 2137 1729 2201 de
1775 2157 1910 2219 quo
1958 2137 2240 2215 Quintil.
2289 2155 2367 2202 x.
2412 2140 2475 2204 3.
2531 2140 2684 2205 vid.

502 2240 812 2305 Masson.
841 2259 907 2323 p.
938 2239 1089 2304 222.

578 2340 874 2405 Aristius
936 2340 1202 2405 Fuscus
1255 2340 1338 2426 (1.
1392 2340 1519 2405 od.
1571 2340 1719 2425 22.)
1774 2341 2297 2419 GrammaticuS,
2365 2342 2568 2426 poeta
2614 2351 2686 2408 et

496 2452 726 2509 orator
769 2461 904 2505 non
948 2442 1493 2519 contemnendus,
1534 2444 1636 2508 vir
1675 2444 1929 2526 probus
1966 2448 2031 2506 et
2063 2444 2372 2527 jocosus,
2418 2445 2682 2509 amicis-

496 2546 707 2611 simus
762 2543 1054 2609 Horatii.
1104 2543 1263 2608 vid.
1321 2563 1368 2608 ι.
1413 2545 1560 2610 Sat.
1598 2545 1664 2610 9.
1716 2546 1824 2609 61.
1913 2544 2039 2608 Est
2090 2564 2357 2628 quoque
2398 2545 2485 2609 ad
2531 2566 2681 2612 eum

497 2663 545 2710 1.
579 2645 790 2729 Epist.
821 2645 927 2709 10.

578 2746 800 2810 AElius
828 2745 1064 2810 Lamia
1091 2749 1171 2823 (ι.
1197 2743 1330 2809 od.
1353 2744 1516 2829 26.),
1558 2746 1660 2810 vir
1701 2746 2287 2830 splendidissimus
2318 2767 2399 2812 ac
2432 2746 2682 2811 doctis-

493 2847 726 2923 simus,
757 2847 958 2909 rebus
990 2845 1389 2911 Cantabrico
1418 2847 1614 2912 Bello
1644 2848 1851 2929 gestis
1891 2848 2138 2925 claruS,
2186 2856 2253 2912 et
2306 2848 2496 2912 uivir
2529 2847 2680 2912 Mo-

491 2946 734 3012 netalis
764 2946 919 3010 suit.
1005 2945 1304 3029 Antiquo
1330 2954 1398 3013 et
1422 2949 1634 3012 nobili
1675 2967 1904 3031 genere
1949 2955 2131 3014 ortus
2162 2955 2321 3015 erat.
2396 2948 2559 3013 vid.
2588 2949 2676 3013 ad

492 3063 603 3112 ιιι.
639 3045 770 3112 od.
800 3047 902 3111 17.

577 3147 806 3213 Iccius
833 3147 920 3233 (ι.
950 3147 1077 3212 od.
1108 3146 1270 3232 29.),
1309 3151 1501 3234 cujus
1544 3171 1920 3235 praenomen
1964 3153 2323 3233 ignoratur,
2351 3149 2527 3214 haud
2557 3151 2678 3214 du-

486 3250 598 3313 bie
625 3248 805 3313 filius
836 3248 937 3312 Μ.
968 3249 1164 3326 Iccii,
1214 3252 1407 3332 cujus
1456 3254 1757 3318 meminit
1797 3253 1940 3318 Cic.
1984 3253 2163 3318 Phil.
2192 3269 2303 3316 ιιι.
2331 3253 2437 3316 10.
2470 3252 2585 3335 qui
2614 3271 2678 3316 a.

489 3347 580 3412 U.
613 3347 691 3411 C.
721 3349 873 3412 710.
919 3349 1218 3414 Siciliam
1247 3359 1420 3417 sorte
1446 3354 1756 3418 obtinuit.
1837 3353 2080 3418 Fuisse
2112 3352 2362 3418 Noster
2391 3352 2678 3418 creditur

485 3456 724 3530 postea
749 3447 847 3511 M.
876 3445 1199 3533 Agrippae
1248 3452 1317 3514 in
1362 3452 1599 3518 Sicilia
1650 3454 2090 3536 Procurator;
2135 3462 2209 3519 et
2251 3459 2358 3519 est
2393 3454 2481 3518 ad
2524 3474 2676 3518 eum

491 3566 541 3612 ι.
575 3549 792 3633 Epist.
821 3548 930 3614 12.

573 3650 664 3730 Q:
693 3652 954 3716 Dellius
981 3650 1097 3736 (ιι.
1122 3651 1249 3719 od.
1267 3651 1367 3737 3.)
1397 3655 1514 3718 vix
1537 3662 1639 3720 est
1669 3656 1888 3739 turpis
1914 3654 2029 3721 ille
2049 3657 2355 3721 exoletus
2370 3654 2674 3735 Antonii,

485 3749 570 3814 de
601 3771 734 3835 quo
764 3750 903 3816 Dio
932 3755 1211 3835 passim,
1257 3754 1413 3819 item
1444 3754 1692 3820 Vellei.
1727 3771 1807 3819 ιι.
1837 3755 1944 3820 84.
1987 3756 2108 3820 sed
2148 3756 2347 3834 alius,
2380 3755 2675 3821 Histori-

484 3870 629 3929 cus,
649 3869 849 3933 quem
879 3852 968 3916 A.
994 3851 1080 3917 U.
1105 3854 1258 3918 723.
1279 3854 1373 3919 ad
1405 3854 1781 3936 Augustum
1799 3858 1884 3921 ab
1912 3855 2211 3921 Antonio
2235 3856 2673 3941 transfugisse

483 3959 704 4017 narrat
736 3951 914 4016 Plut.
944 3952 1194 4018 Anton.
1222 3975 1291 4038 p.
1319 3956 1474 4021 937.
1535 3956 1861 4022 Scribitur
1906 3957 2086 4021 varie
2132 3978 2398 4036 nomen,
2446 3964 2466 3992 ‘
2486 3958 2674 4022 Deil-

481 4050 655 4129 lius,'
701 4057 721 4089 ‘
746 4052 1102 4132 Duellius,’
1156 4054 1542 4121 ‘Duillius.’
1629 4056 1739 4122 Ex
1784 4063 1805 4091 ‘
1827 4057 2171 4123 Duellius'
2213 4059 2466 4125 sactum
2500 4058 2671 4123 adeo

484 4155 504 4186 ‘
529 4151 827 4233 Bellius,'
857 4161 932 4223 ut
961 4175 1000 4221 e
1031 4159 1053 4190 ‘
1077 4155 1328 4222 duello’
1359 4163 1378 4194 ‘
1397 4155 1689 4223 bellum!
