3050 4875
1044 396 1452 449 caussinum
1506 400 1651 449 nin.
1697 401 1742 450 1.
1785 385 1891 450 28.

2433 387 2562 454 189

1139 650 1336 716 ODE
1401 652 1780 719 XXVIII.

369 803 619 871 Archyta
641 807 909 858 Tarentini
933 809 1106 859 eximii
1144 808 1484 875 Pythagorici
1517 813 1778 876 exemplo,
1796 812 1882 878 qni
1908 813 1960 863 in
1984 814 2161 864 littore
2185 813 2389 879 Apulia
2412 829 2443 864 a
2463 813 2558 864 rni-

432 901 548 936 sero
569 886 838 953 naufragio
862 888 950 938 din
973 888 1265 940 inhumatus
1288 891 1481 954 jacuit,
1502 890 1736 941 ostendit
1758 891 1893 942 idem
1929 890 2091 942 fatum
2115 901 2170 942 et
2194 893 2351 943 bonos
2372 900 2428 943 et
2450 908 2556 943 ma-

436 968 513 1017 los
537 968 587 1017 iu
611 968 704 1018 hac
726 968 836 1019 vita
854 983 1082 1020 manere.
1146 970 1347 1021 Callida
1370 971 1595 1034 Dilogia,
1625 971 1734 1021 sive
1767 971 2059 1036 Hyponoea,
2095 974 2244 1024 Bruti
2278 974 2357 1023 sui
2388 970 2554 1024 fatum

434 1045 614 1112 deflet,
630 1046 896 1114 flebilique
912 1058 968 1101 et
984 1050 1206 1114 simplici
1229 1065 1464 1101 sermone
1486 1051 1628 1102 dolet
1651 1066 1898 1102 summam
1918 1052 2163 1103 virtutem
2186 1053 2278 1103 tali
2300 1054 2408 1104 viro
2431 1055 2556 1104 nihii

435 1125 709 1191 profuisse.
775 1127 1010 1194 (Fateor,
1031 1144 1112 1180 me
1136 1144 1305 1195 neque
1334 1127 1554 1182 Brutum
1577 1130 1659 1181 hic
1694 1131 1945 1192 iuvenire,
1967 1145 2135 1196 neque
2162 1133 2314 1182 aliam
2341 1131 2550 1198 Allego·

433 1207 559 1257 riam
584 1209 668 1258 vel
690 1208 949 1273 Dilogian,
970 1216 1059 1260 aut
1082 1209 1363 1261 irrisionem
1387 1210 1519 1261 adeo
1532 1210 1730 1261 Tarutii
1755 1211 1910 1275 illius,
1932 1211 1999 1261 de
2021 1227 2125 1277 quo
2142 1213 2255 1263 Cic.
2280 1213 2348 1263 de
2370 1213 2549 1263 Divin-

434 1300 500 1337 11.
519 1290 601 1336 47.
635 1288 878 1352 Suspicor
892 1289 1066 1353 potius
1080 1289 1236 1339 animi
1246 1304 1415 1346 causa,
1429 1304 1748 1356 quacumque
1763 1290 2014 1341 invitante
2028 1292 2315 1356 occasione,
2338 1292 2553 1343 Poetam

432 1366 515 1415 vel
551 1381 581 1416 e
604 1366 794 1417 Groeco
824 1369 1157 1433 expressisse,
1193 1370 1272 1418 vel
1304 1371 1469 1433 ipsum
1498 1369 1682 1419 lusisse
1708 1370 1866 1420 talem
1889 1385 2008 1421 cum
2033 1370 2266 1436 Archyta
2298 1372 2552 1438 Dialogis·

430 1459 587 1507 mum,
616 1461 719 1511 qno
743 1447 1024 1498 vanitatem
1046 1448 1331 1499 studiorum
1364 1450 1700 1499 humanorum
1735 1458 1916 1501 contra
1944 1452 2224 1502 Fortunam
2246 1460 2304 1503 et
2334 1462 2552 1505 mortem

429 1526 673 1576 ostendit.
758 1525 954 1591 Incipit
975 1535 1145 1578 antem
1179 1531 1337 1578 nauta
1370 1528 1509 1593 apud
1534 1528 1760 1579 cadaver
1782 1528 2030 1595 Archyta
2053 1532 2286 1583 miserari
2309 1533 2420 1597 ejus
2441 1549 2547 1584 sor·

384 1603 391 1612 “
432 1611 554 1657 tem.
590 1603 764 1670 Geta.)

535 1738 645 1802 ΤΕ
674 1738 879 1801 maris
903 1742 971 1800 et
998 1742 1189 1802 terrae
1220 1757 1625 1822 numeroque
1656 1738 1940 1803 carentis
1967 1717 2183 1803 areuae

624 1838 1007 1902 Mensorern
1040 1839 1365 1913 cohibent,
1399 1839 1726 1923 Archyta,

384 1979 393 1986 ο
436 2015 481 2062 0
504 2014 736 2079 Archyta,
759 2021 824 2076 te,
843 2016 925 2080 qai
944 2030 1075 2066 nere
1096 2022 1423 2082 terramque&
1441 2017 1653 2067 achalm
1670 2018 2008 2069 inflamma
2031 2019 2270 2069 dimensus
2291 2033 2357 2075 es,
2377 2018 2550 2068 modici

1274 2144 1638 2168 OOOOO‘OONOO

430 2221 598 2286 Hujus
624 2223 764 2274 Libri
792 2224 908 2274 Ode
931 2226 1083 2275 tertia
1107 2227 1158 2276 in
1183 2227 1282 2278 Ed.
1303 2229 1581 2279 Sanadoni.
1651 2228 1942 2293 Epigraphe
1965 2227 2020 2277 iu
2039 2229 2256 2278 Mentel.
2291 2227 2546 2277 Goon-em

362 2288 581 2348 expulsas
598 2289 657 2338 de
678 2288 932 2352 naufragio
946 2306 968 2349 ,·
1001 2292 1215 2343 Venett·
1238 2292 1453 2343 Asceus.
1476 2302 1530 2343 et
1553 2293 1768 2344 Locher.
1804 2293 2029 2343 Ostendit
2048 2298 2244 2343 mrtem
2262 2305 2547 2341 comunem

1345 2423 1394 2476 N
1402 2423 1560 2475 0?AE

426 2516 653 2567 Mettum
686 2524 766 2567 est
798 2517 935 2568 idem
964 2519 1102 2584 quod
1124 2534 1281 2583 supra
1304 2519 1407 2570 Od.

364 2607 466 2644 vn.
570 2630 577 2637 1

428 2672 452 2717 1
493 2670 558 2718 Te
576 2668 858 2733 marisga]
892 2669 1408 2734 Idolopoeiamiusig·

359 2744 659 2803 nern,simnl
697 2752 751 2794 et
786 2745 1072 2795 irrisionem
1100 2744 1408 2809 Pythagori-

359 2833 434 2869 cae
459 2819 746 2883 discipline
768 2819 979 2869 exbibet
1009 2819 1273 2881 Horatius,
1295 2821 1409 2884 ipse

358 2895 565 2960 quidem
602 2895 922 2959 Epicureus:
970 2895 1203 2959 inprimis
1233 2902 1407 2946 antem

359 2971 527 3034 carpit
547 2969 945 3019 Mathematicas
966 2975 1104 3020 artes
1120 2970 1406 3020 divinandi.

357 3046 566 3097 Inducit
603 3055 812 3096 nautam
842 3047 993 3096 obvio
1028 3046 1269 3097 cadaveri
1310 3046 1405 3097 Ar·

357 3121 522 3186 chytoe
589 3135 691 3170 non
751 3122 935 3172 ieviter
984 3122 1406 3186 exprobrantem,

358 3196 497 3275 quod
530 3197 710 3246 misere
739 3195 939 3259 jaceat,
988 3210 1084 3246 nec
1125 3197 1404 3262 Babyloni-

354 3287 529 3322 eorum
569 3286 896 3321 numerorum
937 3286 1037 3336 ope
1087 3280 1191 3322 tam
1236 3272 1404 3324 dirum

356 3344 521 3397 fatum
543 3347 770 3396 evitarit.
837 3347 976 3397 Ecce
1000 3360 1125 3396 vero
1154 3347 1261 3398 sul.
1281 3348 1405 3397 Sea·

354 3423 479 3487 liger
500 3422 744 3472 humilem
771 3423 980 3486 stylum,
1013 3423 1404 3488 interruptaque

357 3498 602 3548 orationis
638 3497 870 3548 membra
901 3498 1115 3562 culpat:
1165 3499 1403 3549 nimirum

356 3575 451 3624 hoc
478 3573 604 3624 vitio
627 3573 719 3622 dat
741 3573 878 3639 quod
900 3581 1014 3623 erat
1039 3573 1176 3624 laudi
1198 3582 1403 3626 verten-

355 3649 496 3700 dum.
546 3649 737 3714 Agitur
758 3648 823 3698 de
845 3649 1103 3699 humando
1122 3649 1402 3701 cadavere:

353 3725 611 3789 Archytas
651 3731 841 3775 sortem
885 3739 1026 3774 suam
1062 3725 1402 3776 lamentatnrz

355 3817 419 3852 au
441 3816 542 3851 non
565 3801 669 3849 ista
689 3799 845 3849 decet
867 3800 1033 3849 oratio
1056 3800 1262 3850 tenuis?
1320 3798 1402 3849 An

353 3876 788 3942 magniloquentia
811 3875 894 3924 bic
928 3875 1278 3939 congrueret?
1334 3875 1405 3924 At

355 3953 571 4018 insurgit
603 3953 690 4002 ille
726 3966 911 4016 porro:
958 3951 1114 4016 ‘quid
1145 3950 1280 4016 quod
1304 3951 1402 4001 sibi

356 4028 524 4079 Poeta
545 4025 856 4077 contradicit
871 4025 909 4074 ?'
942 4028 1042 4077 ὅτε.
1098 4026 1232 4076 Vide
1269 4024 1403 4075 infra

351 4118 424 4154 vs.
444 4108 526 4153 2⁸.

419 4180 484 4229 Te
508 4180 657 4229 moria
688 4183 735 4228 et
765 4184 926 4240 terra,
956 4176 1064 4241 ξω]
1106 4177 1401 4243 Alloquitur

354 4253 525 4306 Poeta
549 4254 858 4319 Archytam:
907 4253 1099 4304 siccine
1136 4252 1286 4304 deest
1322 4261 1402 4303 sat

1491 2522 1719 2586 pulveris
1745 2521 1811 2571 ad
1834 2519 2167 2586 operiendum
2201 2525 2366 2569 totum
2389 2519 2544 2569 cada·

1490 2597 1616 2645 ver?
1651 2595 1805 2660 idque
1822 2593 1932 2645 fata
1953 2601 2144 2658 negant
2162 2592 2276 2650 tibi,
2293 2593 2381 2659 qni
2402 2593 2543 2644 Geo-

1489 2678 1654 2722 metra
1674 2672 1933 2736 egregins,
1951 2669 2382 2735 Astrologusque,
2405 2677 2461 2719 et
2487 2671 2541 2720 in

1489 2746 1836 2811 Pythagorica
1868 2746 2141 2809 disciplina
2166 2744 2434 2810 perfectus
2463 2742 2543 2795 fu·

1489 2823 1609 2873 isti?
1643 2822 1804 2873 Aiunt
1821 2822 1960 2888 apud
1982 2822 2256 2887 AEgyptios
2279 2821 2541 2871 iuventam

1489 2899 1709 2962 primum
1730 2899 2100 2949 Geometriam.
2134 2898 2263 2948 Cum
2286 2898 2423 2946 enim
2439 2896 2541 2946 siu·

1486 2975 1619 3039 gulis
1642 2975 1789 3024 aunis
1811 2974 2100 3026 exundaret
2130 2974 2301 3036 Nilus,
2333 2981 2388 3023 et
2416 2973 2540 3023 limo

1485 3057 1678 3100 cuncta
1720 3057 2034 3114 coaequaret,
2086 3055 2143 3098 nt
2185 3048 2272 3098 illo
2314 3047 2539 3097 abeunte

1485 3125 1613 3174 nulli
1633 3139 1872 3189 agrorum
1896 3125 2104 3184 limites,
2120 3122 2264 3172 nulla
2286 3120 2540 3172 discrimi-

1485 3214 1553 3250 na
1586 3205 1915 3265 apparerent,
1947 3205 2103 3262 atque
2135 3198 2253 3247 lites
2285 3196 2403 3246 hinc
2433 3195 2572 3247 fre·.

1485 3281 1726 3340 quentes,
1757 3276 2037 3338 orirentur,
2071 3280 2176 3322 tum
2201 3273 2407 3323 demum
2444 3288 2540 3336 per

1484 3351 1647 3401 lineas
1669 3359 1724 3402 et
1756 3364 2022 3400 mensuras
2052 3349 2162 3414 agri
2195 3349 2361 3399 notati
2384 3356 2538 3400 suut:

1486 3441 1714 3491 curaque
1732 3427 1822 3477 illa
1836 3425 2196 3476 sacerdotibus
2214 3424 2537 3474 demandata.

1485 3502 1639 3552 Hauc
1684 3515 1840 3566 porro
1877 3501 2164 3551 ’scientiam
2210 3500 2276 3549 ad
2320 3500 2536 3549 Grecos

1485 3577 1806 3628 transtulisse
1830 3575 2156 3639 Pythagoras
2176 3573 2357 3625 fertur.
2403 3572 2536 3623 Vide

1485 3650 1616 3701 Coel.
1640 3650 1864 3712 Rhodig.
1887 3662 2053 3699 xvur.
2074 3652 2156 3697 8⁴.

1549 3727 1605 3775 N
1604 3739 1846 3787 umque
1858 3723 2062 3773 careatis
2070 3737 2227 3772 arena
2243 3718 2534 3786 Memorem]

1481 3798 1839 3851 Ecclesiastici
1860 3811 1976 3861 cap.
2011 3811 2048 3847 r.
2084 3795 2344 3846 ‘Arenam
2379 3799 2533 3848 maris

1483 3876 1598 3939 quis
1630 3873 1975 3924 dinumeravit
1992 3873 2030 3922 ?’
2068 3870 2282 3924 Piudar.
2320 3873 2532 3937 Olymp-

1484 3948 1590 4000 od.
1624 3961 1687 3997 11.
1711 3949 1762 3997 in
1786 3946 1907 4009 fine,
1926 3945 2112 4011 ψάμμος
2133 3946 2320 4011 &prophe
2345 3946 2535 4012 περιπέ-

1480 4033 1647 4089 φευγε,
1676 4038 1819 4075 orm
1841 4023 1986 4087 sagit
2021 4038 2278 4073 names-um.
2344 4024 2532 4074 Menso-

1478 4098 1603 4163 rem]
1639 4099 1958 4164 Hyper-bote.
2008 4099 2237 4160 Scilicet,
2258 4098 2396 4163 quod
2418 4106 2534 4151 erat

1480 4175 1849 4224 innumerabile
1885 4174 2076 4223 ceteris
2114 4173 2227 4237 ipse
2261 4187 2532 4225 numerare

1481 4252 1759 4317 potuisset.
1823 4249 1907 4300 An
1935 4249 2149 4315 respicit
2181 4248 2431 4302 Horatius
2463 4250 2529 4300 ad
