3050 4875
1102 390 1361 441 ιιΒτιιΑ
1406 390 1892 442 nonnitus.
2497 383 2586 446 53

391 532 561 592 nicea
584 531 805 592 celim
830 530 1131 593 οἱᾶοιιὲεο·
1151 553 1176 600 .·
1200 541 1494 612 corrupte,
1514 543 1804 613 quantum
1825 552 2101 614 auguror,
2127 553 2202 596 ex
2220 538 2417 609 ἑνικὴν
2431 543 2583 597 τελι-

390 632 495 698 εὴν
516 628 835 705 Διμοφιιν,
853 635 1072 688 museto
1092 629 1442 689 fiexa-rem
1463 632 1665 701 Besae,
1683 631 1970 710 reliqu·
1991 633 2299 693 Trimerus.
2382 632 2542 693 Nota
2565 651 2582 693 t

380 721 618 782 'Versus
644 722 818 783 certis
856 721 1108 803 pedibus
1151 722 1401 803 alligati,
1445 726 1547 803 qui
1586 725 2141 787 Monoschematisti
2175 727 2447 801 audiunt,
2481 747 2586 806 per

392 819 657 901 syllabas
685 820 976 880 numerari
1003 821 1340 899 patiunturz
1383 820 1543 882 unde
1581 820 1945 901 Sapphicum
1965 821 2452 904 Pentasyllabun'i
2480 842 2586 883 vo·

389 927 581 976 catur.
665 914 913 975 Musicis
940 915 1416 978 choriambicum
1452 917 1891 978 Monometrum
1923 918 2503 1000 Hypercatalectum.

473 1014 533 1069 2.
576 1010 1013 1072 Archilochium
1068 1012 1561 1093 Heptasyllabum
1605 1024 1847 1075 constat
1888 1034 1962 1075 ex
2011 1016 2152 1076 Basi
2189 1016 2281 1076 vel
2327 1015 2585 1096 Dipodia

393 1103 705 1184 Dactylica
751 1122 886 1164 cum
930 1105 1248 1186 semipede.
1334 1106 1662 1169 Dimetrum
1702 1109 2076 1189 Dactylicum
2124 1111 2586 1191 Hypercatalec·

389 1210 538 1260 tum.
610 1201 858 1260 Caesura
882 1218 956 1261 ex
981 1200 1267 1281 superiori
1295 1213 1461 1281 parte
1482 1204 1825 1265 Hexametri
1850 1205 2368 1267 Penthemimeres.
2433 1207 2584 1266 Sub·
2673 1283 2690 1292 „

390 1295 647 1355 nectitur
675 1294 1056 1367 Hexametro‚
1080 1314 1175 1354 ιν.
1208 1295 1329 1357 Od.
1361 1300 1421 1359 7.

474 1394 530 1450 3.
576 1390 1013 1452 Pherecratium
1043 1393 1117 1451 ab
1142 1393 1468 1454 inventore.
1554 1392 1937 1458 Pherecrates
1965 1397 2024 1458 in
2047 1397 2339 1457 Coriano:

1047 1485 1296 1566 Ἄνδρα
1321 1492 1600 1570 πρόσχω
1625 1490 1726 1550 τὸν
1749 1499 1884 1552 νοῦν

1054 1584 1410 1663 ’Remmiam
1444 1591 1616 1666 κοινᾷ

1064 1677 1432 1755 Iuram
1455 1683 1847 1741 ἀναπαίστοις.

393 1776 631 1837 Plocius
664 1774 1291 1835 Monoschematistum
1322 1787 1536 1836 vocat:
1566 1776 1746 1838 habet
1768 1778 1922 1838 enim
1946 1777 2132 1857 pedes
2149 1779 2206 1839 in
2228 1778 2438 1840 eodem
2463 1780 2581 1839 situ

388 1870 797 1940 invariabiles3
848 1881 915 1930 ut
955 1869 1056 1949 qai
1090 1870 1267 1948 juxta
1310 1869 1745 1933 Grammaticos
1781 1871 2016 1934 duobus
2059 1872 2364 1935 hincinde
2391 1874 2584 1953 Spon-

389 1967 539 2029 doeis
570 1966 886 2047 Dactylum
913 1984 1144 2045 semper
1165 1965 1474 2045 interjiciat
1492 1965 1752 2027 medium
1775 1985 1792 2035 ς
1823 1966 1984 2028 unde
2005 1977 2065 2027 et
2088 1967 2580 2049 Heptasyllahum

390 2064 515 2125 fleri
544 2081 793 2124 necesse
819 2071 934 2122 est.
1016 2060 1194 2129 Quod
1222 2060 1391 2122 addit
1416 2060 1573 2123 idem
1600 2062 1751 2122 alios
1778 2062 2194 2143 Symptycton,
2236 2061 2383 2124 alios
2418 2066 2580 2124 Ana-

389 2158 700 2239 paesticum
729 2156 947 2229 dicere,
974 2175 1177 2216 vereor
1201 2169 1271 2216 ut
1298 2155 1560 2217 alterutri
1588 2157 1734 2237 quid
1761 2158 1875 2219 sibi
1902 2159 2105 2233 velint,
2135 2159 2280 2220 satis
2309 2158 2581 2221 intellex-

390 2257 580 2317 erint:
635 2273 747 2314 nec
786 2252 941 2314 enim
990 2252 1359 2314 Pherecratis
1399 2254 1581 2313 verba
1619 2252 1696 2315 de
1735 2255 1889 2334 pede
1929 2256 2254 2337 Anapresto
2280 2257 2576 2337 ceperimt

390 2371 525 2414 cnm
569 2348 954 2432 Hephoestion
987 2348 1274 2410 Metricus
1305 2347 1746 2411 Pherecratium
1790 2350 2333 2432 Hephthemimeres
2376 2351 2581 2413 Antis-

390 2450 619 2531 postico
648 2447 851 2528 generi
875 2444 1153 2518 vindicet,
1191 2445 1276 2505 ita
1314 2445 1545 2507 scilicet
1583 2446 1833 2526 partitur
1871 2458 1939 2508 ut
1966 2447 2279 2529 Epitritum
2305 2459 2580 2529 quartum

392 2543 726 2625 complicet,
771 2560 908 2602 cum
947 2541 1199 2622 Epitrito
1225 2543 1411 2621 primo
1438 2541 1609 2621 cujus
1636 2541 1844 2603 ultima
1870 2543 2087 2605 delicit.
2165 2545 2582 2617 Δικατᾶληκτον

391 2649 570 2702 vocat
593 2648 658 2700 et
680 2639 1060 2714 ἀσυνάρτητον
1085 2644 1224 2698 κατὰ
1258 2639 1651 2710 &nefastum
1694 2638 1832 2717 quia
1861 2637 2247 2700 Trochaicam
2271 2649 2582 2720 protomen

392 2735 620 2798 claudit
656 2732 928 2794 'lambica
973 2731 1296 2792 catalexis:
1343 2750 1479 2792 enm
1507 2732 1603 2793 ho
1629 2732 2075 2814 conjugationes
2104 2734 2215 2795 sibi
2245 2744 2450 2795 mutuo
2476 2735 2583 2795 ad-

391 2842 719 2894 versentur.
802 2825 1354 2908 Sesquiseptenaria
1380 2826 1652 2888 clausula
1691 2828 1925 2902 dicitur,
1957 2829 2122 2909 quod
2149 2829 2336 2890 tribus
2364 2829 2582 2911 dissyl-

390 2926 542 2989 labis
568 2925 821 3006 pedibus
846 2923 1087 2985 bisectis
1116 2923 1365 2984 accedat
1402 2924 1679 3003 semipes.
1757 2926 2096 2987 Ἀνάπιιισιε
2143 2926 2238 2987 hic
2282 2925 2345 2986 id
2384 2925 2581 2987 valere

389 3022 622 3082 videtur
648 3019 811 3101 quod
836 3019 897 3079 in
929 3018 1145 3079 Ionicis
1169 3016 1540 3078 ’Amnem
1623 3017 1740 3079 Pes
1781 3020 1937 3080 enim
1980 3031 2209 3099 septem
2252 3030 2580 3099 temporum

390 3130 525 3179 cnm
550 3115 706 3197 pede
728 3116 993 3196 quinque
1018 3124 1346 3194 temporum
1374 3113 1550 3174 simul
1578 3115 1758 3174 sumti
1779 3125 2000 3194 puncta
2013 3114 2338 3175 conficiunt
2353 3113 2582 3176 duode-

391 3213 504 3273 cim
530 3232 548 3281 ;
580 3226 648 3273 ut
671 3212 1023 3282 Dimetrum,
1048 3209 1316 3289 quamvis
1344 3207 1578 3289 syllaba
1605 3207 1861 3281 deficiat,
1902 3221 2096 3270 tamen
2125 3228 2230 3290 per
2253 3209 2409 3272 hanc
2437 3211 2579 3292 Epi-

389 3309 603 3390 plocen
648 3307 813 3367 velut
864 3325 941 3366 ex
994 3304 1439 3385 repercussione
1482 3305 1682 3384 justos
1738 3305 2009 3366 absolvat
2056 3322 2349 3366 numeros.
2433 3305 2586 3367 Post

393 3402 788 3483 Asclepiades
810 3400 953 3461 bina
977 3402 1218 3480 ponitur
1242 3411 1529 3480 sequente
1556 3400 1870 3481 Glyconio.
1907 3421 1954 3463 ι.
1983 3401 2104 3464 Od.
2132 3404 2194 3462 6.
2228 3404 2323 3462 14.
2345 3403 2448 3461 21.
2475 3403 2579 3462 23.

391 3512 453 3562 et
481 3519 592 3560 ιιι.
614 3497 736 3558 Od.
765 3500 823 3557 7.
848 3497 944 3558 13.

471 3591 931 3673 4.(ἃῐγοοιιίιιιιι
961 3590 1450 3671 Octasyllabnmz
1477 3589 1711 3651 duobus
1740 3589 2012 3670 Dactylis
2034 3588 2398 3671 Sponde
2427 3610 2580 3669 pree-

377 3691 552 3771 jacit.
636 3689 856 3749 Locum
899 3686 1143 3746 sortitur
1186 3684 1345 3766 apud
1373 3686 1586 3747 Horat.
1615 3685 1708 3745 vel
1736 3695 1875 3745 ante
1902 3684 2140 3764 singula
2169 3684 2580 3765 Asclepiadea,

387 3784 483 3845 vel
509 3794 650 3864 post
667 3783 812 3844 hina
838 3800 973 3842 cum
1004 3780 1402 3854 Pherecratio,
1421 3778 1518 3840 vel
1546 3779 1803 3858 denique
1839 3788 1977 3858 post
2003 3789 2190 3840 terna.
2261 3778 2579 3859 Hemiepos

389 3882 626 3941 dicitur.
710 3877 1160 3939 Animadvertas
1204 3876 1346 3938 licet
1397 3874 1756 3956 Glyconium
1793 3873 2167 3937 Pherecratio
2213 3876 2576 3956 pmmissum

388 3977 682 4039 conficere
708 3973 1066 4055 Priapeium,
1092 3971 1394 4053 quomodo
1420 3970 1735 4032 Catullus:

540 4072 717 4131 Hunc
745 4070 943 4131 lucum
970 4068 1076 4129 tibi
1100 4066 1312 4128 dedico
1340 4084 1765 4146 consecroque‚
1792 4058 2029 4144 Priape.

391 4165 671 4247 Virgilius
691 4172 727 4225 τ’
1028 4198 1033 4203 -

538 4262 655 4324 Cui
682 4278 801 4324 non
832 4258 1032 4322 dictus
1062 4255 1253 4340 Hylas
1278 4276 1425 4339 puer
1449 4268 1514 4320 et
1541 4255 1791 4321 Latonia
1816 4250 2045 4315 Delos?
