3050 4875
454 318 543 384 40
1038 327 1505 378 ‘rasi-mortu
1555 325 1656 373 ns
1701 319 2066 371 non-no.

720 471 897 549 Nec,
926 490 1099 554 quos
1116 471 1435 554 Thynica
1460 470 1629 534 lima
1655 464 2038 551 perpolivit,

714 569 1061 649 Antelios,
1090 591 1219 636 uec
1246 572 1536 654 Jaspios
1565 566 1862 652 lapillos.

1200 743 1493 808 martial.
1526 758 1693 805 vm.
1723 740 1834 805 18.

456 861 575 927 sic
606 858 802 925 nato
828 878 951 924 nec
972 858 1247 924 Calabri
1270 859 1556 924 tentavit
1581 859 1878 922 carmina
1907 856 2158 932 Flacci,

544 960 945 1026 Pindarico·
970 967 1212 1044 posset
1232 979 1385 1024 cum
1412 978 1728 1044 superare
1755 958 2014 1023 modos.

1070 1140 1323 1206 Lam
1353 1141 1441 1205 ad
1472 1140 1668 1225 (τωρ.
1699 1109 2041 1205 manian.

457 1255 967 1341 Ausoniamque
997 1257 1235 1342 chelyn
1262 1259 1533 1341 gracilis
1561 1258 1881 1343 patefecit
1909 1255 2177 1321 Horati.

1173 1437 1431 1502 Auson.
1462 1438 1554 1504 ad
1585 1439 1942 1522 Nepotem.

454 1553 558 1619 'l'e
590 1562 965 1638 preeunte,
1000 1555 1259 1638 Nepos,
1289 1556 1628 1620 modulata
1652 1554 1965 1639 poemata
1995 1551 2228 1616 Flacci

458 1656 959 1741 Altisouumque
991 1658 1222 1721 iterum
1244 1657 1353 1722 fas
1381 1663 1482 1722 est
1510 1656 1832 1722 didicisse
1865 1653 2228 1719 Maronem.

1021 1833 1114 1899 D.
1148 1831 1430 1898 Hieron.
1460 1831 1731 1897 Praesat.
1759 1834 1830 1895 in
1861 1830 2099 1896 Chron-

547 1948 731 2028 Quid
762 1949 1100 2015 Psalterio
1129 1953 1438 2017 canorius
1456 1953 1487 2015 ’ἰ
1543 1952 1748 2035 quod,
1787 1951 1857 2014 in
1892 1966 2145 2013 morem
2173 1946 2384 2010 nostri
2415 1943 2642 2008 Flacci

457 2057 530 2113 ct
549 2049 774 2115 Graeci
792 2050 1089 2130 Pindari,
1107 2071 1279 2118 nunc
1300 2052 1542 2118 lambo
1568 2053 1796 2129 currit,
1815 2070 1991 2115 nunc
2010 2048 2287 2114 Alcaico
2313 2051 2643 2130 personat,

460 2169 636 2216 nunc
664 2149 1012 2233 Sapphico
1040 2157 1272 2230 tumet,
1300 2172 1479 2218 nunc
1508 2153 1852 2237 semipede
1879 2149 2254 2234 ingreditur.

913 2334 1144 2401 Sidon.
1171 2332 1474 2416 Apollin.
1503 2332 1720 2416 Epist.
1745 2332 1829 2397 ad
1860 2331 2197 2414 Lamprid.

552 2449 635 2515 In
686 2449 947 2537 Iqricis
992 2452 1311 2517 Flaccum
1349 2458 1628 2516 secutus
1671 2470 1850 2516 nunc
1889 2451 2216 2516 serebatur
2247 2451 2314 2514 in
2342 2446 2644 2512 Iambico

461 2551 659 2630 citus,
686 2554 808 2617 stc.

548 2650 636 2718 Et
664 2652 827 2717 alibi
853 2672 867 2711 ε

981 2736 1211 2819 stylus
1242 2744 1360 2802 aut
1388 2736 1844 2815 Maronianus,

719 2837 859 2902 Aut
886 2857 1023 2921 quo
1052 2844 1125 2903 tu
1152 2837 1417 2903 Latium
1446 2840 1630 2915 beas,
1663 2839 1935 2917 Horati,

718 2939 956 3005 Alcaeo
985 2940 1206 3023 potior
1235 2940 1539 3023 Lyristes
1569 2943 1742 3024 ipso.

1284 3114 1656 3181 Comment.
1684 3115 1845 3181 Vet.

551 3230 823 3296 Horatii
853 3230 1071 3296 Satira
1098 3232 1270 3297 inter
1300 3233 1543 3299 Lucilii
1595 3242 1663 3298 et
1707 3233 2061 3299 Juvenalis
2104 3233 2384 3298 Satiram
2427 3232 2648 3296 media

459 3331 960 3501 Stgnvlgnaffiset
987 3333 1425 3414 asperitatem
1464 3335 1668 3400 habet
1701 3342 1772 3399 ut
1801 3336 2128 3413 Lucilius»,
2156 3343 2226 3399 et
2252 3335 2647 3399 suavitatem

1032 3579 1102 3644 J.
1133 3579 1322 3664 Lips.
1360 3580 1570 3665 Epist.
1604 3582 1865 3662 Quoest.
1901 3600 1984 3649 11.
2009 3586 2073 3650 9.

546 3696 903 3777 Horatius,
925 3699 996 3761 in
1016 3697 1238 3765 Satira
1258 3699 1595 3784 placidus,
1618 3701 1809 3779 lenis,
1834 3704 2126 3786 quietus,
2150 3708 2374 3766 monet
2390 3700 2644 3783 saepius

459 3818 661 3885 quam
710 3799 1035 3884 castigat3
1079 3799 1200 3864 sed
1229 3800 1325 3864 ita
1378 3802 1697 3885 praeclare
1746 3812 1968 3868 tamen
2014 3802 2142 3867 hoc
2187 3804 2436 3886 ipsum,
2459 3807 2532 3865 ut
2575 3803 2645 3864 in

457 3920 538 3969 ea
565 3906 758 3986 parte
787 3907 857 3966 et
882 3908 1029 3966 arte
1053 3898 1222 3967 nihil
1253 3900 1475 3983 possit
1497 3920 1700 3987 supra
1726 3922 1904 3969 eum.
