3050 4875
456 368 587 434 222
1176 383 1245 442 Q·
1291 382 1604 430 nonu-tl
1659 380 1919 429 nacor
1959 391 1970 402 -

799 522 913 590 Ad
939 542 1123 588 arma
1148 527 1518 600 cessantes,
1550 521 1639 586 ad
1667 538 1853 585 arma
2563 518 2653 582 15

887 624 1221 701 Concitet,
1254 622 1741 706 imperiumque
1773 620 2050 701 frangat.

711 724 811 790 Te
841 743 1097 807 semper
1125 726 1336 788 anteit
1366 742 1560 787 serva
1593 721 2020 799 NecessitaS,

718 826 968 891 Clavos
996 825 1289 890 trabales
1315 829 1382 888 et
1407 841 1658 888 cuneos
1679 840 1880 886 manu

454 1027 592 1062 eruta
614 1012 809 1075 quietos,
828 1014 894 1062 nd
912 1027 1045 1062 urm
1063 1014 1296 1074 provocet,
1318 1024 1374 1059 ιιι·
1401 1007 1660 1070 Imperium
1687 1006 1954 1067 labefaciet.
2026 1007 2093 1056 Te
2113 1021 2345 1070 mquam
2366 1020 2458 1055 ιιοιι
2475 1020 2652 1069 prece-

458 1078 536 1125 dit
566 1079 688 1126 dara
720 1077 970 1127 necessitas
1000 1091 1130 1125 aenea
1160 1087 1303 1124 maa
1324 1073 1492 1133 serens
1519 1073 1676 1120 clavos
1708 1072 2035 1134 pregrandes,
2053 1077 2098 1120 el
2122 1085 2315 1120 cuneos.-
2347 1072 2476 1119 adest
2508 1071 2655 1120 etima

1369 1198 1515 1219 000⁴&
1521 1197 1634 1217 0000
1640 1197 1726 1217 000

462 1295 760 1361 capiebant,
790 1302 847 1347 et
879 1297 1161 1348 initialibus
1180 1297 1351 1347 literis
1377 1311 1451 1347 vs.
1477 1302 1559 1347 1⁵.
1580 1302 1845 1346 vetustate
1877 1294 2037 1345 erasis
2102 1294 2242 1346 forle
2272 1295 2371 1344 boc
2394 1295 2475 1343 vel
2497 1291 2655 1343 simili

461 1362 633 1424 modo,
663 1376 746 1412 ace
776 1361 1156 1427 emortuam.)
1191 1364 1438 1411 insulsum
1474 1362 1603 1411 illud
1640 1375 1776 1410 arma
1807 1361 1985 1423 inepte
2023 1375 2080 1408 su
2113 1360 2375 1423 Jecerunt.
2442 1358 2503 1407 Ῑιι
2538 1372 2655 1421 pace

461 1430 691 1537 cessmllgs
711 1425 847 1475 dixit
869 1432 927 1475 nt
952 1427 1145 1476 Lucan.
1170 1440 1225 1475 v.
1245 1430 1326 1475 36.
1348 1427 1364 1454 ‘
1380 1426 1585 1489 quietos
1601 1421 1655 1473 in
1677 1427 1830 1487 longa
1855 1424 2019 1487 pace.'
2037 1423 2052 1445 ’
2068 1425 2216 1474 ἄεσα·
2232 1425 2294 1472 ad
2308 1423 2491 1472 Lucan.
2515 1434 2551 1470 ι.
2569 1425 2657 1472 93.

461 1494 591 1538 -17
675 1503 730 1537 ro
749 1504 894 1552 sava,

461 1552 566 1601 duo
588 1553 763 1603 Bentl.
784 1553 888 1601 duo
909 1554 1109 1603 Bersm.
1136 1554 1285 1603 Harl.
1304 1558 1358 1603 3.
1380 1558 1434 1602 4.
1456 1557 1506 1602 6.
1526 1552 1663 1602 Altt.
1684 1557 1728 1601 1.
1750 1556 1800 1600 2.
1825 1552 1997 1615 Lipss.
2016 1557 2142 1612 tres,
2169 1552 2319 1600 Dess.
2336 1554 2386 1599 2.
2412 1550 2582 1599 Pulm.
2607 1553 2656 1600 1.

460 1619 511 1666 3.
535 1616 685 1666 Gott.
702 1617 825 1666 Sat.
848 1616 1036 1667 venet.
1063 1620 1209 1666 1478.
1229 1617 1384 1666 Baxt.
1411 1617 1572 1667 Gesn.
1591 1616 1773 1668 Jones.
1799 1616 1976 1664 Burm.
1998 1622 2054 1665 et
2076 1614 2279 1664 Wakef.
2336 1615 2406 1663 Et
2429 1615 2655 1677 probant

461 1679 548 1729 Fr.
572 1680 767 1730 Luisin.
795 1680 1010 1744 Parerg.
1035 1695 1075 1730 ι.
1098 1684 1180 1731 22.
1245 1681 1467 1730 Mattius
1504 1681 1667 1743 Opin.
1693 1694 1780 1729 ιιι.
1813 1684 1861 1727 ὅ.
1929 1679 2136 1728 Pierius
2157 1678 2264 1742 lib.
2291 1690 2489 1727 xnvnr.
2513 1692 2561 1726 c.
2584 1676 2655 1725 de

461 1744 629 1805 clavo,
652 1757 719 1793 ex
736 1745 845 1793 anti
886 1745 964 1794 uis
996 1744 1120 1794 libb.
1152 1758 1282 1794 soeua
1304 1758 1479 1794 omnes
1506 1742 1755 1803 Lambini,
1772 1756 1947 1794 omnes
1962 1744 2205 1792 Torreat.
2226 1743 2453 1791 Bentleii
2473 1741 2655 1791 θεων.

463 1805 607 1856 Leid.
630 1807 829 1857 Zulicli.
904 1808 1043 1872 egin.
1066 1808 1307 1858 Petrens.
1326 1808 1446 1859 Gal.
1461 1808 1660 1857 Battel.
1682 1819 1738 1856 et
1759 1820 1789 1853 a
1816 1821 1882 1855 m.
1907 1821 1986 1870 pr.
2012 1808 2140 1868 Reg.
2163 1807 2283 1855 Soc.
2304 1806 2454 1855 Harl.
2470 1809 2518 1853 1.
2536 1808 2585 1853 2.
2603 1808 2655 1856 6.

460 1871 681 1920 Mentcl.
707 1872 862 1922 Fran.
887 1872 1048 1922 Mart.
1067 1880 1123 1922 et
1148 1871 1310 1923 Mald.
1329 1872 1488 1936 Cruq.
1516 1872 1654 1935 Lips.
1683 1876 1729 1920 1.
1756 1869 1948 1919 venet.
1975 1873 2121 1920 1492.
2148 1873 2292 1919 1590.
2314 1869 2531 1918 Asceus.
2553 1868 2657 1917 Lo·

462 1933 602 1985 eber.
623 1935 799 1983 Basill.
868 1937 937 1985 Et
958 1938 1031 1986 sic
1053 1935 1271 1987 Laudin.
1296 1937 1499 1986 Marcil.
1537 1936 1697 2000 Cruq.
1722 1934 1872 1983 Torr.
1897 1935 2075 1984 Lamb.
2099 1933 2302 1984 Fabric.
2325 1933 2386 1984 T.
2409 1932 2534 1982 Fab.
2556 1932 2652 1982 tto.

463 2004 520 2047 et
544 1998 616 2048 Η.
638 1998 855 2061 Steplib.
876 1999 1059 2050 Heius.
1093 2002 1287 2050 Dacer.
1310 2000 1489 2050 Bentl.
1523 2000 1654 2049 Cun.
1684 1998 1873 2049 Sanad.
1893 1999 2085 2062 Delph.
2105 1997 2365 2047 Scbtevel.
2402 1997 2540 2055 hui,
2562 1995 2655 2045 Bi·

462 2068 606 2125 pout.
628 2062 841 2112 Mitscli.
866 2063 1081 2113 Wetzel.
1112 2064 1276 2114 Kidd.
1309 2070 1365 2113 et
1398 2064 1579 2114 Comb.
1613 2062 1818 2120 ‘Multa
1851 2063 2120 2127 utriusque
2154 2061 2390 2111 lectionis
2427 2061 2653 2109 auctori-

464 2133 567 2186 tas,
601 2131 656 2174 et
687 2134 887 2175 mature
911 2129 1135 2177 variasse
1159 2134 1370 2191 oportet
1401 2128 1583 2178 libros.
1647 2126 1823 2175 Possit
1845 2127 2050 2175 omnino
2077 2126 2370 2175 Necessitas
2392 2124 2494 2172 dici
2517 2138 2656 2172 mua

464 2189 728 2250 Fortuuae,
751 2189 912 2239 instar
929 2191 1127 2241 lictoris
1149 2195 1260 2255 ejus
1275 2191 1422 2255 jussa
1444 2205 1729 2255 exequens,
1749 2187 1987 2254 πρόπολος
2008 2188 2175 2251 τύχης.
2211 2189 2312 2239 Sed
2337 2188 2474 2238 baud
2496 2188 2655 2237 dubie

463 2267 588 2301 soem
613 2261 848 2316 praestat,
871 2261 929 2302 ut
949 2255 1231 2318 simplicius
1254 2261 1309 2303 et
1331 2255 1497 2318 magis
1520 2253 1833 2305 couveniens
1872 2255 1968 2303 toti
1991 2253 2225 2317 imagini,
2256 2254 2436 2312 clavis,
2457 2251 2655 2314 cuneis,

466 2330 650 2366 severo
673 2331 827 2379 unco,
862 2319 1032 2367 manui
1058 2317 1221 2368 aenae.
1286 2319 1375 2368 Sic
1412 2327 1468 2367 et
1499 2319 1516 2347 ‘
1537 2318 1649 2367 dira
1676 2317 1963 2367 necessitas
1980 2317 1995 2340 '
2027 2327 2112 2368 est
2148 2315 2238 2366 inf.
2260 2330 2348 2366 ιιι.
2374 2315 2478 2366 Od.
2498 2320 2583 2365 24.
2600 2320 2653 2364 6.

465 2381 632 2430 Serve
654 2380 774 2430 idea
798 2384 970 2431 nescio
988 2383 1114 2449 ,quid
1139 2383 1364 2446 argutuli
1385 2382 1565 2445 babet,
1588 2390 1662 2443 et,
1684 2382 1727 2429 si
1754 2389 1926 2430 tamen
1950 2382 2033 2430 cui
2059 2382 2335 2446 placuerit,
2359 2380 2471 2445 jam
2495 2381 2545 2428 in
2568 2394 2655 2427 aa·

461 2446 553 2497 teil
575 2447 797 2509 cogitari
819 2454 998 2512 queat.
1067 2448 1248 2498 Lectio
1282 2462 1419 2497 serva
1458 2448 1655 2512 gratior
1688 2453 1770 2497 est
1802 2447 2040 2508 acumini,
2077 2461 2205 2496 seua
2244 2446 2418 2495 sensui
2453 2441 2655 2509 lyrico?

913 1504 1050 1539 sem
1070 1490 1264 1540 habent
1287 1490 1717 1555 Scholl.quatu0r
1749 1488 1972 1536 Blandd.
2011 1487 2133 1538 Div.
2166 1494 2221 1536 et
2252 1488 2342 1537 Sil.
2373 1501 2456 1547 ap.
2493 1485 2655 1549 Cruq.

1449 2584 1497 2635 N
1504 2583 1663 2633 01¹AE

462 2676 680 2738 populns
719 2692 933 2728 movens
967 2678 1167 2743 quietas
1200 2693 1282 2729 res
1313 2686 1517 2743 pertur-

464 2749 575 2813 bet,
609 2759 765 2816 atque
803 2753 877 2801 ita
915 2767 1118 2816 pessum
1158 2761 1279 2804 eant
1301 2769 1418 2819 quae
1443 2755 1517 2802 vi-

465 2824 656 2874 dentur
709 2828 861 2876 modo
902 2827 1051 2878 firma
1092 2836 1149 2879 et
1189 2843 1294 2879 oere
1331 2843 1516 2893 peren·

468 2900 630 2950 niora.

536 2978 595 3022 1⁷
633 2974 697 3024 Te
714 2989 893 3040 semper
910 2978 1061 3027 anteit
1077 2993 1214 3027 seren
1228 2978 1400 3044 [seua]
1417 2979 1516 3028 Ne·

464 3047 681 3111 censitae]
706 3051 929 3102 Quidam
952 3054 1131 3116 legunt
1151 3069 1285 3104 serva
1303 3056 1523 3105 Necessi-

466 3125 961 3189 tcs,quasiFortunae
985 3128 1192 3180 famula.
1222 3130 1327 3180 Sed
1341 3145 1523 3195 apage.

465 3197 552 3248 Sic
562 3200 697 3248 enim
715 3209 767 3249 et
786 3215 873 3252 ιιι.
884 3202 1081 3255 Oti-29.
1111 3208 1126 3234 ‘
1146 3206 1373 3255 Fortuna
1383 3220 1520 3255 saevo

464 3274 592 3322 laeta
609 3276 851 3338 negotio!
890 3279 959 3326 Et
982 3278 1087 3330 od.
1107 3293 1264 3329 xxiv.
1289 3281 1518 3343 ejusdem

465 3346 602 3405 libri,
637 3350 653 3377 ‘
673 3348 784 3398 dira
809 3352 1146 3402 Necessitas?
1214 3354 1300 3404 Ita
1323 3356 1520 3418 Sopho-

465 3423 594 3486 cles,
617 3422 668 3471 in
692 3422 735 3470 A
733 3424 874 3486 jace,
893 3425 1153 3487 ἀναγκαίαν
1170 3427 1327 3490 τύχην
1348 3436 1521 3478 vocat.

388 3522 403 3537 ο
466 3498 536 3547 Et
572 3497 821 3548 Laberius
842 3500 980 3561 apud
1005 3502 1239 3551 Macrob.
1265 3517 1327 3552 ιι.
1348 3507 1400 3553 7.
1433 3518 1519 3554 ne·

466 3574 763 3623 cessitatem
786 3575 1031 3625 Fortunae
1053 3579 1250 3640 pariter
1268 3578 1524 3643 adjungit,

464 3652 540 3701 bis
559 3651 853 3704 versiculist
878 3654 895 3682 ‘
914 3654 1230 3718 Necessitas,
1242 3656 1387 3719 cnjus
1405 3670 1522 3705 cur-

464 3741 550 3776 sus
595 3729 876 3778 transversi
931 3730 1180 3794 impetum
1232 3731 1521 3781 Voluerunt

467 3804 618 3859 multi
640 3802 887 3868 effugere,
907 3808 1060 3870 pauci
1084 3813 1386 3871 potuerunt,
1404 3810 1521 3861 Quo

467 3893 550 3928 me
571 3879 794 3930 detrusit
817 3895 965 3945 paine
987 3884 1231 3933 extremis
1250 3884 1520 3934 sensibus?

467 3987 589 4005 .....
601 3958 845 4021 Fortuna,
867 3957 1208 4009 immoderata
1222 3959 1273 4009 in
1298 3959 1428 4011 bono
1449 3976 1519 4010 ω-

469 4047 571 4096 qne
594 4041 750 4097 atque
770 4034 823 4084 in
838 4035 991 4096 malo,
1003 4065 1126 4084 .....
1143 4036 1297 4086 Nunc
1321 4050 1400 4085 me
1423 4046 1525 4101 qno

469 4106 653 4169 dejicis
672 4107 709 4155 θ’
775 4108 895 4158 Huc
920 4115 975 4158 et
998 4107 1123 4158 facit
1146 4108 1280 4173 qnod
1305 4108 1524 4160 Aristot.

468 4195 640 4232 rerum
678 4198 857 4235 causas
895 4194 1165 4236 enumerat
1205 4185 1360 4236 hasce
1397 4201 1520 4251 qua·

1601 2688 1735 2745 tuor,
1776 2681 2050 2744 Naturam,
2092 2681 2492 2742 Necessitatem,
2534 2680 2658 2728 For·

1602 2766 1799 2817 tunam,
1821 2757 2074 2805 Mentem.

1665 2835 1725 2880 18
1762 2832 1933 2881 Clam
1973 2832 2180 2882 trabales
2221 2837 2269 2881 et
2310 2843 2478 2881 οιιιιεοε
2515 2846 2657 2881 manu

1603 2909 1810 2958 Gestaris
1842 2909 1979 2970 α’ἐιια,
2017 2909 2125 2972 ξω]
2173 2910 2353 2958 Talem
2384 2908 2530 2958 Antii
2575 2923 2656 2957 re-

1601 2983 1777 3035 ferunt
1800 2986 1851 3034 in
1877 2986 2126 3036 Fortuna
2151 2987 2345 3049 templo
2365 2985 2525 3035 fuisse
2550 2987 2656 3050 pic-

1606 3067 1789 3123 turam,
1811 3075 1912 3125 qua
1927 3060 2299 3110 exhiberentur
2317 3062 2454 3110 varia
2470 3060 2558 3111 illa
2580 3062 2659 3109 in-

1603 3140 2002 3185 strumentorum
2048 3149 2257 3199 genera,
2298 3136 2452 3199 clavi,
2482 3138 2656 3198 cunei,

1601 3211 1740 3273 unci,
1787 3211 2047 3275 plumbum
2096 3210 2360 3275 liquidum,
2409 3215 2508 3261 ὅτε.
2563 3226 2656 3260 seu

1600 3285 1892 3335 cruciandis
1920 3288 2040 3345 reis,
2072 3300 2161 3334 seu
2202 3287 2358 3336 rebus
2393 3286 2656 3336 firmandis

1601 3375 1662 3408 ac
1683 3358 1946 3410 stabiliter
1967 3360 2254 3423 defigendis
2276 3361 2478 3411 idonea.
2544 3363 2658 3410 Cla-

1598 3450 1682 3485 eos
1703 3435 1928 3498 trabales]
1965 3436 2035 3485 Hi
2059 3435 2217 3486 ferrei
2246 3445 2385 3500 sunt,
2407 3438 2661 3500 ingentes,

1600 3518 1657 3560 et
1709 3509 1887 3571 validi,
1943 3511 2129 3575 quibus
2177 3511 2354 3562 trabes
2406 3511 2660 3575 figuntur:

1604 3585 1739 3636 unde
1763 3585 2001 3649 proverb.
2033 3587 2248 3636 ‘trabali
2288 3589 2436 3637 clavo
2463 3588 2660 3651 figet-ey

1603 3677 1718 3727 pro,
1740 3662 1756 3689 ‘
1777 3662 1995 3712 firmiter
2015 3661 2284 3713 stabilire:
2315 3664 2426 3713 Cic.
2450 3665 2502 3712 in
2529 3663 2658 3713 Ver·

1603 3752 1732 3800 rem,
1789 3750 1885 3787 vu.
1942 3751 1993 3786 n.
2044 3742 2125 3788 32.
2183 3738 2381 3788 Erasm.
2438 3739 2658 3789 Cbiliad.

1601 3814 1617 3841 ‘
1636 3812 1962 3861 Herculanus
1997 3811 2223 3861 nodusz’
2255 3820 2312 3863 et
2348 3814 2542 3863 Noster
2561 3815 2654 3864 cit.

1600 3900 1686 3937 ιιι.
1713 3887 1913 3939 Oti-24.
1942 3891 1957 3916 ‘
1976 3890 2149 3938 clavos
2165 3889 2551 3952 adamantinos,’
2571 3904 2658 3938 eo-

1600 3964 1718 4014 dem
1757 3978 1928 4027 sensu,
1970 3963 2123 4029 ‘figi’
2157 3980 2188 4015 a
2209 3967 2541 4030 necessitate,
2565 3967 2657 4016 ait.

1606 4038 1742 4089 Item
1767 4041 1870 4101 pali
1893 4046 2016 4090 sunt
2044 4040 2198 4105 lignei
2238 4044 2509 4105 pra-acuti,
2543 4044 2659 4106 qni-

1607 4112 1700 4163 bus
1738 4115 1859 4164 olim
1904 4122 1961 4164 et
1996 4115 2149 4166 modo
2193 4117 2332 4180 apud
2382 4118 2658 4169 immanem

1598 4189 1819 4242 ‘furcam
1868 4190 2098 4242 homines
2152 4191 2463 4242 transadacti
2520 4194 2655 4257 peri·
