3050 4875
1022 396 1437 449 οΑιιιιιιωιι
1490 398 1637 448 mn.
1685 399 1731 449 1.
1772 386 1883 451 3⁷.

705 537 1023 605 Tractare
1053 547 1430 624 sementen,
1460 546 1537 607 ut
1566 549 1782 609 atrum

789 639 1088 725 Corpore
1118 644 1528 708 combiberet
1556 662 1879 709 venenum
1901 641 1948 726 ς’

622 741 1008 807 Deliberata
1036 749 1244 807 morte
1271 743 1557 808 ferocior
1587 764 1604 807 z

617 842 837 907 Saevis
866 842 1182 908 Liburnis
1213 843 1479 910 scilicet
1507 844 1839 925 invidetne,

701 943 986 1009 Privata
1014 943 1261 1010 deduci
1291 948 1585 1028 superbo

785 1045 949 1111 Non
978 1045 1249 1112 humilis
1279 1048 1513 1113 mulier
1541 1047 1898 1133 triumpho.

350 1217 397 1261 et
418 1215 638 1261 cometas
654 1225 806 1261 saem

347 1276 521 1324 ditatu
535 1275 775 1325 audacior.

920 1211 1330 1274 maurocenis,
1350 1217 1405 1262 et
1433 1212 1631 1275 nigrum

894 1226 2553 1353 mpesoemmqtgmwisaamniflmnnm'mm

1816 1212 2258 1275 con-porcharius,
2275 1217 2553 1264 sumem-

350 1339 1195 1403 Libmisj‘ermbuseelatmeata
1214 1340 1695 1391 dwekiebkombae.

1268 1465 1327 1485 ‘O

352 1564 766 1628 Cruq.‘1'orrent.
788 1563 860 1614 Η.
874 1564 1119 1615 etit-ste
1158 1563 1444 1615 bhHeius.
1466 1563 1678 1615 Fabric.
1699 1563 1824 1614 Fab.
1838 1565 2031 1614 Dacer.
2054 1564 2229 1614 Bnrm.
2245 1564 2375 1615 cun.
2388 1566 2547 1617 Baxt.

352 1628 524 1678 Bond.
540 1629 734 1692 Delph.
751 1628 1015 1678 Scbrevel.
1038 1635 1094 1678 et

1197 1628 1301 1678 mb.
1344 1628 1450 1679 Sed
1473 1630 1607 1679 valta
1627 1643 1788 1678 sereno
1791 1627 1970 1692 ‚fortis
1989 1634 2035 1678 et
2055 1629 2267 1679 Venett.
2301 1628 2422 1679 Asc·
2445 1633 2543 1681 Lo·

350 1692 495 1742 cher.
518 1693 698 1744 Bentl.
718 1693 840 1742 San.
855 1693 976 1744 Jon.
995 1692 1207 1742 Mitscb.
1222 1692 1437 1755 Bipont.
1452 1693 1671 1743 wetzel.
1697 1663 1909 1742 Wa’kef.
1921 1699 1977 1741 et
1991 1692 2152 1744 Ridd.
2186 1692 2323 1743 Vide
2339 1695 2547 1747 Wakef.

349 1755 417 1805 ad
440 1757 590 1819 virg.
612 1756 775 1807 Geor.
798 1769 887 1806 ιιι.
911 1759 995 1806 8⁰.

1060 1757 1164 1806 ‘Et
1200 1756 1278 1807 sic
1303 1765 1446 1807 reete
1470 1756 1735 1823 dispungi,
1768 1756 2024 1841 quomodo
2062 1771 2165 1806 non
2201 1757 2426 1808 viderint
2462 1766 2544 1810 tot

348 1819 580 1869 editores
605 1834 671 1869 ex
696 1821 855 1871 totius
872 1821 1152 1871 sententias
1175 1827 1459 1882 structura,
1481 1835 1587 1871 uon
1614 1835 1727 1870 asse
1763 1820 2064 1871 uor.'.1aas‘.
2106 1821 2258 1881 sortis
2278 1826 2327 1871 et
2346 1824 2542 1887 aspidas

348 1884 1096 1961 vnr.1,set.ap.Jones.—sa
1130 1885 1352 1934 Mentel.
1379 1886 1649 1934 Pectus-eoo

1878 1888 2025 1935 .-29
2056 1885 2287 1935 Delibat
2313 1901 2376 1936 ιιι.
2403 1887 2539 1946 sero·

347 1948 454 1997 cs'or
475 1946 630 1998 Sacis
660 1948 887 1998 Liber-is
908 1949 1142 2012 jungunt
1172 1949 1367 1999 Scholl.
1399 1956 1455 1998 et
1493 1948 1615 1999 edd.
1655 1947 1768 1998 fere
1807 1962 1981 1997 omnes
2015 1957 2147 1999 vett.
2183 1950 2305 1998 item
2337 1950 2542 2001 Mar-cil.

349 2012 598 2062 Nostram
620 2012 1005 2088 distinctionem
1031 2019 1242 2062 servant
1268 2011 1446 2062 bamb.
1469 2013 1629 2078 Crnq.
1645 2013 1890 2063 Torrent.
1912 2020 1967 2062 et
1987 2020 2211 2065 receutt.
2234 2020 2291 2065 et
2313 2014 2543 2065 vindicat

347 2074 412 2124 P.
436 2076 702 2126 Victorius
724 2076 877 2126 Varr.
902 2076 1070 2127 Lectt.
1095 2089 1152 2125 x.
1167 2080 1219 2127 9.

1339 2172 1561 2224 NOTAE

348 2272 429 2318 10.
464 2272 481 2296 ⁸
499 2267 817 2334 Cleopatra‚’
847 2268 1032 2335 iuquit,
1052 2270 1069 2299 ‘
1086 2284 1187 2320 non
1203 2270 1315 2334 jam
1340 2271 1407 2320 de

346 2344 477 2404 vita,
515 2359 631 2409 qnae
669 2342 1010 2408 offerebatur,
1042 2345 1136 2395 sed
1169 2346 1234 2396 de
1258 2352 1407 2410 parte

348 2420 495 2486 regni
522 2421 807 2472 laborabat.
875 2420 1030 2474 Quod
1051 2422 1139 2473 ubi
1163 2422 1407 2487 despera-

344 2497 424 2545 vit
457 2510 488 2545 a
524 2496 791 2560 Principe,
826 2497 1122 2562 servarique
1148 2511 1205 2547 se
1227 2498 1405 2548 trium-

346 2573 452 2637 pho
477 2572 646 2633 vidit3
683 2573 1023 2623 incautiorem
1056 2580 1210 2624 nacta
1231 2583 1406 2624 custo·

346 2647 507 2710 diam,
529 2648 581 2698 in
606 2648 929 2698 Mausoleum
952 2662 1009 2698 se
1035 2648 1305 2713 (sepulcra
1328 2664 1407 2699 re·

348 2736 470 2785 gum
493 2723 569 2772 sic
592 2721 807 2787 vocant)
845 2723 1083 2787 recepit:
1119 2724 1207 2773 ubi
1244 2725 1407 2774 maxi·

345 2811 476 2859 mos,
499 2806 556 2847 ut
579 2798 797 2856 solebat.
821 2798 1003 2849 induta
1024 2800 1212 2863 cultus,
1234 2799 1288 2850 in
1310 2799 1405 2850 dif-

343 2871 484 2924 ferto
522 2874 764 2925 odoribus
794 2875 942 2938 solio,
974 2876 1130 2940 juxta
1164 2893 1312 2928 suum
1348 2892 1406 2929 se

345 2950 622 3000 collocavit
661 2949 963 3014 Antonium,
996 2951 1317 3019 admotisque
1338 2954 1406 3005 ad

344 3039 509 3075 venas
525 3026 870 3090 serpentibus,
897 3028 1047 3091 quasi
1066 3042 1246 3078 somno
1268 3028 1405 3081 solu·

347 3102 436 3151 ta.'
481 3102 726 3153 Similiter
753 3103 1062 3153 Plutarchus
1083 3103 1265 3168 refert,
1298 3119 1409 3156 orn.

343 3178 487 3226 nium
521 3190 713 3242 genera
735 3192 1048 3229 venenorum
1071 3180 1125 3228 in
1147 3180 1406 3231 damnatis

345 3264 616 3320 expertam
652 3272 671 3305 τ
726 3257 932 3305 anxiam
994 3262 1170 3306 autem
1225 3254 1407 3320 fuisse,

345 3335 484 3399 quod
508 3347 624 3400 que
638 3336 748 3384 cito
761 3333 1146 3399 extinguerent,
1168 3343 1406 3386 crearent

345 3412 609 3462 dolorem:
644 3426 761 3477 qua
796 3424 922 3460 vero
964 3410 1076 3460 sine
1109 3410 1292 3461 dolore
1331 3425 1407 3462 es-

343 3494 482 3543 seut.
501 3487 775 3538 celeritate
791 3496 1034 3537 carerent
1055 3503 1070 3536 ι
1090 3486 1299 3538 tandem
1315 3502 1404 3538 ve·

344 3577 405 3613 ro
438 3563 837 3628 deprehendisse
877 3562 1071 3626 aspidis
1108 3577 1330 3627 morsum
1352 3569 1408 3614 et

343 3639 454 3689 cito
475 3647 532 3689 et
554 3638 667 3688 sine
705 3638 881 3687 dolore
914 3651 1158 3695 enecare.
1190 3647 1406 3701 gravato

342 3728 410 3764 ex
433 3728 629 3764 somno·
649 3713 846 3777 capite,
883 3719 941 3763 et
976 3712 1076 3762 leni
1102 3713 1289 3763 sudore
1312 3727 1406 3778 per

342 3791 540 3840 vultum
561 3787 762 3840 diffuso.
797 3791 1044 3840 Ceterum
1058 3789 1247 3839 nemini
1265 3804 1404 3840 eota·

344 3872 550 3930 portum
577 3874 657 3914 est
680 3878 782 3929 quo
814 3863 995 3915 mortis
1029 3877 1220 3927 genere
1252 3864 1402 3916 Cleo-

342 3950 497 4005 patra
538 3941 761 3992 obieritz
796 3948 1077 4006 puncturas
1113 3946 1311 3991 tantum
1349 3942 1402 3992 in

343 4016 555 4067 brachio
592 4021 797 4065 constat
840 4015 1051 4076 exiguas
1084 4014 1403 4078 apparuisse.

343 4091 487 4142 Hinc
530 4090 799 4155 Angustus
831 4089 947 4152 ejus
988 4089 1316 4140 simulacrum
1349 4091 1401 4140 ln

344 4165 605 4229 triumpho
646 4163 818 4220 duxit,
861 4162 1100 4213 admorso
1137 4165 1402 4227 aspidibus

1485 2275 1567 2320 58.
1597 2272 1614 2300 ‘
1632 2271 1855 2322 Brachia
1871 2272 2106 2335 spectavi
2124 2273 2286 2323 sacris
2308 2272 2546 2324 admorsa

1482 2346 1730 2403 colubris,
1769 2347 1839 2396 Et
1873 2347 2079 2397 trahere
2100 2349 2361 2398 occultum
2385 2364 2543 2400 mem·

1483 2420 1581 2472 bra
1602 2422 1801 2486 soporis
1825 2420 1963 2472 lter!

1548 2501 1616 2547 29
1645 2498 1927 2548 Deliberant
1947 2497 2343 2562 monela-ocior]
2364 2499 2443 2550 Eo
2465 2498 2542 2549 fe·

1484 2573 1673 2635 rocior,
1704 2572 1842 2638 quod
1871 2575 2001 2623 mori
2038 2588 2245 2639 quoquo
2268 2575 2419 2625 modo
2439 2583 2544 2627 sta·

1486 2654 1680 2698 tuerat.
1697 2648 1931 2699 Adverte
1947 2649 2179 2712 pluribus
2195 2650 2375 2700 extolli
2394 2652 2543 2702 Cleo-

1484 2733 1654 2791 patra
1697 2724 2100 2787 generositatem
2155 2739 2311 2789 snpra
2364 2716 2545 2777 mulie'-

1486 2801 1630 2851 brem
1651 2814 1851 2861 sexum,
1876 2806 1934 2850 ut
1969 2799 2088 2850 binc
2119 2800 2307 2853 victori
2329 2803 2545 2853 accedat

1487 2885 1545 2927 et
1565 2882 1771 2927 crescat
1792 2875 1974 2940 gloria.
2042 2874 2185 2925 Alias
2202 2877 2335 2926 enim
2350 2878 2544 2929 habere

1486 2953 1657 3004 locum
1681 2953 1952 3016 potuisset,
1993 2952 2127 3017 qnod
2157 2953 2342 3004 scribit
2361 2955 2544 3019 virgil.

1487 3028 1690 3079 AEneid.
1716 3041 1792 3078 tv.
1824 3030 1908 3076 98.
1943 3028 1960 3056 ‘
1985 3028 2258 3091 Egregiam
2283 3042 2407 3078 vero
2430 3030 2543 3081 lan·

1487 3103 1605 3153 dem
1629 3138 1644 3154 .
1670 3137 1684 3152 .
1710 3135 1725 3152 .
1748 3102 1792 3150 sl
1815 3100 2024 3151 femina
2047 3101 2186 3152 victa
2206 3102 2324 3152 est.'

1551 3184 1617 3228 80
1642 3179 1799 3229 Sacis
1818 3177 2066 3242 Liburnis]
2115 3179 2235 3229 Non
2258 3192 2439 3243 parum
2455 3182 2542 3245 ju-

1484 3261 1671 3305 verant
1698 3253 1990 3317 Augustum
2025 3253 2076 3303 ln
2116 3255 2431 3319 reportanda
2452 3270 2543 3306 na·

1483 3329 1588 3379 vali
1634 3329 1852 3379 victoria
1894 3329 2108 3379 Liburni
2143 3328 2306 3393 Illyrii
2344 3332 2544 3396 populi,

1484 3405 1829 3471 Liburniaeque
1838 3418 1998 3456 naves
2012 3405 2283 3457 celeritate
2297 3408 2541 3473 insignes.

1486 3482 1567 3530 Ex
1591 3495 1691 3546 quo
1727 3488 1876 3545 patet
1911 3496 2013 3532 non
2050 3481 2262 3546 cymbas
2294 3483 2541 3547 quasdam

1488 3564 1578 3605 aut
1620 3556 1885 3607 naviculas
1938 3558 2078 3608 bello
2120 3558 2323 3621 ineptas
2368 3556 2544 3621 fuisse,

1484 3640 1544 3681 ut
1585 3638 1835 3696 putarunt
1871 3632 2116 3696 quidam:
2164 3632 2352 3683 Suidas
2393 3641 2541 3685 certe

1484 3715 1736 3759 rostratas
1761 3715 1818 3757 et
1849 3715 2141 3756 constratas
2178 3709 2412 3759 extitisse
2436 3719 2541 3760 tra·

1484 3783 1580 3845 dit,
1596 3783 1701 3832 alia
1722 3792 1890 3830 tamen
1908 3796 2061 3846 quam
2098 3782 2336 3834 triremes
2357 3782 2540 3835 forma.

1481 3858 1619 3908 Vide
1660 3859 1848 3920 Veget.
1889 3857 1957 3906 de
2003 3857 2087 3907 Re
2126 3858 2285 3909 milit.
2326 3859 2420 3910 lib.
2459 3874 2537 3912 tv.

1480 3931 1712 3997 Appiae.
1737 3932 1827 3982 lib.
1851 3945 1933 3982 ιν.
1956 3934 2056 3984 διο.

1547 4006 1727 4070 Sacis]
1760 4007 1817 4057 Si
1857 4008 2064 4072 quidem
2100 4008 2316 4059 Romam
2350 4010 2542 4076 depor-

1483 4089 1685 4133 tassent
1706 4082 1873 4132 vivam
1895 4081 1964 4131 ad
1985 4082 2147 4133 bostis
2164 4084 2496 4148 triumphum.

1550 4159 1744 4210 Scilicet
1765 4158 1997 4218 inuideas,
2020 4157 2226 4208 Privata
2255 4160 2424 4211 dodaci
2458 4179 2538 4214 sa.

344 4241 576 4292 brachio.
644 4239 727 4290 De
770 4253 873 4305 quo
908 4238 1153 4304 Propert.
1199 4252 1286 4289 nr.
1322 4244 1400 4289 1⁰.
1476 4237 1620 4301 peu-bo
1667 4237 1781 4288 Noa
1832 4235 2024 4287 haulis
2062 4236 2230 4288 mulier
2281 4240 2540 4306 triumpho]
