3050 4875
1234 360 1580 412 noan-11.
2419 346 2507 412 38

771 502 857 567 U.
886 501 963 567 G.
993 504 1146 569 740.
1234 506 1321 568 A.
1351 505 1429 570 C.
1458 507 1565 570 14.
1628 504 1896 571 Horatii
1922 511 2028 593 ,ξ’-ὲ.

316 619 341 644 ·’
394 620 749 703 Augustus
793 620 1009 685 adhuc
1051 619 1208 685 'dum
1240 620 1468 687 Roma
1511 624 1720 700 abest,
1749 623 1817 687 in
1859 619 2222 707 Hispania,
2252 623 2500 702 Gallia,

312 720 699 797 Germania,
726 721 926 786 rebus
958 724 1447 789 constituendis
1478 724 1796 789 intentuS.
1863 723 2209 808 Scriptum
2236 731 2389 790 tunc
2407 728 2503 790 vi·

310 823 497 888 detur
518 820 740 886 Carm.
775 838 873 884 ιν.
904 823 969 886 5.
997 842 1111 906 np.
1129 829 1288 905 post
1305 823 1550 906 Legem
1583 824 1668 888 de
1700 824 2060 890 Adulteriis
2090 833 2159 891 et
2185 826 2271 890 de
2300 826 2374 890 M
2379 827 2502 889 ari-

309 921 530 986 tandis
552 920 916 987 Ordinibus
944 942 1004 987 a.
1031 921 1187 987 736.
1216 923 1446 1002 latam,
1477 925 1637 988 item
1660 930 1819 1007 post
1847 927 2162 990 subactos
2193 925 2501 1005 Parthos,

308 1022 707 1189 galntabroS,
760 1032 829 1087 et
880 1022 1273 1089 Germanos.
1362 1024 1470 1090 Ad
1532 1025 1711 1090 idem
1764 1034 2027 1111 tempus
2086 1034 2358 1110 spectat
2417 1043 2500 1091 ιι.

466 1125 514 1188 4

308 1318 394 1383 U.
428 1318 507 1384 C.
557 1323 710 1387 741.
797 1322 951 1387 Tib.
1014 1321 1335 1387 Claudius
1399 1323 1604 1387 Nero.
1710 1323 1792 1388 P.
1833 1321 2201 1401 Quintilius
2249 1322 2496 1388 Varus.

994 1422 1079 1487 A.
1107 1421 1187 1489 C.
1219 1424 1325 1487 13.
1385 1424 1654 1488 Horatii
1687 1427 1793 1508 {2}-

388 1536 742 1621 Augustus
772 1538 1056 1603 Romam
1087 1541 1442 1604 revertitur.
1515 1538 1591 1604 Si
1620 1539 1944 1605 Suetonio
1972 1540 2327 1617 credimus,
2364 1538 2500 1604 Au-

306 1649 573 1723 gustum
618 1640 876 1704 Tiberii
918 1641 1282 1723 Drusique,
1314 1640 1757 1724 privignorum
1803 1661 2098 1719 suorum,
2127 1640 2498 1706 Victoriam

305 1739 727 1805 Vindelicum
774 1760 1006 1805 canere
1045 1742 1336 1825 jussisse
1384 1742 1766 1822 Horatium,
1822 1745 2099 1828 ejusque
2144 1742 2237 1806 rei
2293 1761 2499 1806 causa

306 1850 616 1925 quartum
645 1841 889 1907 librum
918 1841 1301 1908 Carminum
1332 1843 1622 1921 addere3
1667 1845 1821 1909 huic
1861 1863 2023 1908 sane
2060 1860 2234 1908 anno
2263 1844 2321 1906 is
2353 1842 2498 1926 jus-

305 1963 425 2008 sus
456 1941 752 2031 Augusti
796 1942 927 2007 erit
968 1944 1436 2026 assignanduS,
1468 1965 1601 2028 quo
1645 1951 1804 2029 post
1844 1944 2107 2009 triennii
2154 1946 2222 2008 in
2268 1942 2498 2008 Gallia

306 2046 700 2120 absentiam,
730 2043 980 2108 Urbem
1003 2045 1282 2127 repetiit.
1370 2042 1572 2110 Certe
1601 2044 1822 2109 Carm.
1857 2061 1956 2107 ιν.
1987 2045 2091 2108 14.
2122 2063 2253 2108 non
2284 2044 2495 2126 prius,

306 2166 512 2231 quam
542 2153 701 2229 post
730 2165 885 2209 eum
916 2145 1216 2223 reditum,
1247 2147 1572 2231 scriptum
1602 2166 1756 2212 csse
1787 2145 2142 2230 probabile
2170 2150 2294 2208 est.

306 2323 394 2388 U.
419 2324 496 2389 C.
525 2325 677 2391 742.
749 2326 849 2391 M.
894 2324 1209 2390 Valerius
1262 2325 1582 2392 Messala.
1657 2326 1737 2391 P.
1770 2325 2101 2409 Sulpitius
2156 2325 2494 2405 Quirinus.

995 2423 1083 2490 A.
1109 2426 1189 2493 C.
1219 2427 1325 2493 12.
1387 2428 1649 2493 Horatii
1678 2431 1787 2512 Η.

386 2546 693 2630 Agrippa
716 2547 1018 2623 moritur,
1051 2546 1137 2610 ad
1167 2566 1363 2630 quem
1393 2565 1594 2610 unum
1624 2554 1727 2612 est
1752 2547 1973 2612 Carm.
2017 2562 2066 2609 1.
2111 2547 2177 2610 6.
2223 2546 2494 2611 incertoe

304 2650 544 2716 aetatiS.

305 2830 392 2896 U.
417 2829 495 2894 C.
539 2831 691 2895 744.
778 2828 976 2894 Julus
1028 2828 1376 2894 Antonius.
1468 2830 1557 2907 Q·
1592 2827 1847 2894 Fabius
1896 2827 2244 2894 Maximus
2280 2825 2491 2891 Afric.

992 2930 1079 2995 A.
1113 2930 1192 2995 C.
1222 2933 1326 2995 10.
1392 2929 1666 2996 Horatii
1690 2932 1799 3015 3⁴}-

382 3048 621 3124 Dacis,
644 3049 865 3125 Getis,
881 3055 949 3114 et
966 3047 1312 3113 Germanis
1332 3068 1374 3113 a
1396 3049 1622 3113 Druso
1648 3067 1727 3112 ac
1745 3047 2020 3112 Tiberio
2035 3047 2258 3123 victis,
2274 3045 2493 3109 Janus

300 3149 579 3213 tertium
609 3148 959 3213 clauditur.
1031 3166 1130 3212 ιν.
1159 3147 1287 3212 Od.
1320 3152 1423 3214 15.
1457 3156 1528 3215 et
1563 3167 1642 3213 ιι.
1673 3149 1887 3232 Epist.
1919 3148 1979 3211 1.
2042 3146 2310 3212 Horatii
2336 3165 2495 3228 ope-

301 3269 380 3314 ra
408 3250 796 3326 novissima,
828 3249 960 3312 hoc
990 3269 1169 3315 anno
1201 3252 1449 3336 scripta
1478 3251 1803 3317 videntur.

304 3413 391 3479 U.
421 3416 501 3481 C.
539 3416 693 3481 746.
783 3413 859 3479 C.
903 3414 1206 3481 Marcius
1252 3415 1678 3483 Censorinus.
1764 3418 1840 3483 C.
1893 3418 2178 3515 Asinius
2226 3417 2491 3483 Gallus.

1013 3515 1099 3582 A.
1130 3518 1209 3583 C.
1237 3519 1303 3583 9.
1363 3517 1631 3583 Horatii
1658 3521 1764 3586 57.

389 3636 751 3702 Horatium
777 3636 906 3701 hoc
935 3655 1113 3702 anno
1161 3655 1230 3700 v.
1261 3635 1422 3702 Kal.
1460 3635 1629 3701 Dec.
1674 3642 2004 3702 mortuum
2050 3656 2218 3715 esse,
2246 3643 2317 3701 et
2346 3633 2493 3719 qui-

299 3737 456 3802 dem
513 3738 763 3814 subito,
790 3744 867 3802 ut
915 3756 999 3802 ne
1049 3738 1307 3821 signare
1356 3735 1632 3822 quidem
1682 3737 2182 3805 Testamentum
2233 3743 2495 3823 posset,

296 3839 493 3905 docet
519 3838 799 3904 Sueton.
828 3837 899 3902 in
925 3838 1073 3923 ejus
1100 3836 1304 3920 Vita3
1369 3856 1590 3903 errore
1632 3844 1859 3904 tamen
1893 3840 1966 3904 in
1994 3857 2313 3905 annorum
2347 3837 2494 3902 Ho-

294 3938 451 4008 ratii
473 3958 743 4004 numero
764 3939 1086 4017 admisso,
1108 3938 1264 4004 dum
1292 3955 1453 4004 mx.
1482 3959 1604 4023 pro
1631 3956 1815 4007 nvn.
1845 3941 2057 4024 ponit.
2089 3939 2493 4023 Hieronym.

297 4040 546 4107 Chron.
577 4040 823 4105 Euseb.
845 4038 935 4103 ad
960 4037 1231 4124 olymp.
1256 4040 1404 4106 192.
1423 4038 1490 4104 3.
1536 4042 1559 4074 ‘
1582 4039 1913 4107 Horatius
1935 4039 2492 4124 quiuquagesimo

297 4145 588 4229 septimo
614 4141 839 4207 oetatis
868 4159 1013 4206 suae
1045 4160 1223 4209 auno
1253 4139 1494 4208 Romae
1522 4140 1839 4208 moritur.'

428 4257 611 4322 Delpk.
630 4263 679 4309 et
705 4258 822 4310 var.
843 4256 975 4311 Clu.
1346 4255 1529 4309 Horat.
2317 4254 2363 4305 C
