3050 4875
522 352 610 420 48
1214 365 1312 419 nn
1362 365 1641 420 uernis
1689 370 2035 421 nonam.

610 501 1251 574 Daemnursnwxuu
1273 530 1493 571 onnus
1521 531 1538 571 z
1573 521 1639 570 ut
1668 531 1761 574 w.
1795 512 1914 572 od.
1945 516 2001 571 7.
2027 532 2164 591 quae
2193 520 2285 571 est
2306 511 2550 572 Dicolos
2577 511 2717 571 Dis·

528 609 791 691 trophos.
834 608 1066 672 Primus
1086 606 1337 687 quisque
1352 625 1562 667 versus
1591 618 1684 667 est
1712 607 2001 666 Heroicus
2021 606 2378 668 Hexametex·
2396 607 2719 668 Catalecti-

528 725 636 765 cus
660 724 677 773 3
722 704 955 784 qualis:
1003 702 1360 764 Laudabunt
1384 702 1485 763 alii
1512 701 1733 764 claram
1761 702 2044 774 Rhodon,
2074 715 2173 763 aut
2196 703 2519 783 Mitylenen
2544 724 2561 770 ς
2598 704 2716 763 boc

532 799 750 860 modo:

529 908 678 961 Diffn
694 937 729 947 -
745 936 777 947 -
818 923 942 975 gere
962 910 1016 960 ni
1029 933 1151 961 -υυ
1188 924 1276 960 ves
1302 910 1423 960 rede
1443 934 1565 961 -υυ
1607 911 1827 975 untjam
1846 938 1880 947 -
1895 937 1928 948 —
1972 911 2205 975 gramina
2225 933 2344 961 -υυ
2382 908 2579 972 campis
2597 933 2630 945 -
2647 936 2679 945 -

609 1006 918 1067 Secundus
947 1005 1197 1084 quisque
1226 1016 1320 1063 est
1345 1003 1695 1098 pactylicus
1724 1004 2132 1065 Archilochius
2179 1006 2444 1065 Dimeter
2484 1005 2717 1083 Hyper-

528 1103 888 1164 catalectus:
936 1111 1219 1160 constans
1250 1099 1487 1159 duobus
1519 1100 1790 1180 Dactylis
1819 1112 1881 1162 et
1908 1102 2172 1182 syllaba3
2202 1102 2315 1162 boc
2344 1100 2556 1160 modo:

657 1212 988 1263 Arbori-uu
1022 1210 1216 1276 busque
1240 1224 1447 1261 co-uu
1487 1225 1638 1260 ma-

976 1302 1059 1313 ·--
1155 1298 1273 1324 -υυ
1337 1298 1455 1326 -υυ
1517 1302 1599 1311 -·-
1662 1295 1784 1327 -w
1845 1303 1926 1312 -·-

1198 1362 1319 1389 -υυ
1413 1362 1533 1390 -νυ
1639 1367 1671 1375 -

528 1435 912 1496 Decimitertii
938 1435 1166 1513 generis
1197 1433 1330 1495 Ode
1361 1455 1497 1494 una.

528 1532 655 1591 Lib.
689 1549 780 1590 xv.
851 1529 982 1590 Ode
1012 1534 1070 1589 7.
1115 1529 1416 1609 Diffugere
1458 1532 1647 1601 nives,
1695 1528 1941 1590 redeunt
1974 1531 2102 1610 jam
2149 1532 2415 1611 gramina
2462 1530 2710 1611 campis.

610 1659 1271 1724 Dscxunsxonsnruu
1303 1676 1523 1718 onnus
1549 1677 1566 1715 t
1595 1667 1662 1717 ut
1680 1656 1871 1736 Epod.
1906 1678 1953 1719 x.
1999 1679 2133 1737 quae
2178 1670 2271 1719 est
2301 1659 2542 1719 Dicolos
2576 1658 2716 1717 Dis·

530 1756 796 1835 trophos.
846 1754 1076 1815 Primus
1101 1754 1351 1833 quisque
1373 1772 1578 1813 versus
1600 1763 1695 1813 est
1716 1753 2010 1815 lambiens
2029 1755 2472 1834 Hipponacteus
2488 1754 2711 1813 Trime-

527 1863 617 1911 ter
642 1849 1063 1912 Acatalectus:
1117 1860 1400 1909 constans
1439 1869 1473 1909 e
1517 1868 1621 1909 sex
1661 1848 1916 1910 lambis:
1972 1860 2208 1929 recepto
2252 1861 2446 1910 tamen
2477 1851 2534 1909 in
2564 1848 2712 1909 locis

526 1947 846 2027 imparibus
875 1947 1052 2006 etiam
1083 1944 1417 2026 Spondoeo;
1469 1945 1582 2005 boc
1611 1944 1788 2005 modo
1812 1965 1828 2004 t

660 2058 768 2108 Ibis
790 2084 823 2094 -
839 2084 871 2094 -
913 2056 1076 2107 Libnr
1094 2080 1171 2108 υ-
1214 2057 1291 2106 nis
1312 2057 1366 2106 in
1388 2083 1470 2094 --
1514 2063 1593 2106 ter
1613 2057 1660 2105 al
1683 2079 1761 2107 υ·-
1805 2063 1859 2106 ta
1875 2071 1944 2106 na
1965 2080 2041 2107 υ-
2085 2057 2217 2107 vium
2239 2080 2327 2108 w

608 2169 917 2230 Secundus
945 2169 1196 2247 quisque
1223 2178 1316 2230 est
1345 2169 1640 2228 lambiens
1669 2168 2077 2230 Archilochius
2110 2171 2370 2230 Dimeter
2400 2171 2714 2231 Acatalec-

527 2276 663 2327 tus:
717 2275 999 2325 constans
1022 2285 1055 2325 e
1084 2275 1337 2343 quatuor
1366 2265 1621 2324 lambis:
1665 2276 1901 2344 recepto
1947 2277 2141 2326 tamen
2188 2266 2248 2324 in
2287 2265 2433 2325 locis
2476 2266 2712 2346 impari-

527 2363 637 2421 bus
669 2362 847 2421 etiam
877 2359 1215 2442 Spondaeo;
1258 2360 1374 2420 hoe
1403 2360 1617 2420 modo:

722 2472 939 2524 Amiu-
972 2486 1034 2524 ce
1057 2487 1249 2536 prou-
1289 2487 1566 2538 pugns--
1607 2474 1834 2526 culaw

1232 2565 1313 2574 ·····
1375 2562 1454 2589 υ-
1518 2565 1597 2575 --
1660 2563 1737 2589 υ-
1800 2563 1877 2588 u-
1940 2562 2027 2590 υυ

1354 2626 1433 2653 υ·-
1493 2626 1573 2654 u·
1636 2630 1716 2639 --
1779 2625 1867 2653 υυ

530 2697 955 2775 Decimiquarti
984 2699 1214 2776 generis
1243 2695 1395 2755 Odoe
1428 2700 1522 2757 10.

609 2789 799 2870 Epod.
928 2811 977 2851 1.
1022 2791 1141 2851 Ibis
1171 2790 1440 2850 Liburnis
1468 2791 1621 2850 inter
1648 2792 1769 2851 alta
1798 2792 2052 2851 navium.

896 2905 978 2945 xx.
1023 2886 1244 2944 Beatus
1274 2884 1393 2958 ille,
1420 2886 1521 2964 qui
1553 2885 1756 2964 procul
1791 2887 2063 2966 negotiis.

867 3002 978 3043 xxx.
1022 2981 1289 3041 Parentis
1318 2980 1455 3041 olim
1485 2981 1669 3060 siquis
1701 2981 1880 3061 impia
1908 3001 2105 3041 manu.

885 3097 979 3136 xv.
1020 3077 1199 3157 Lupis
1226 3087 1287 3137 et
1315 3076 1484 3155 agnis
1513 3086 1739 3154 quanta
1763 3077 1970 3136 sortito
1992 3077 2223 3155 obtigit.

917 3193 977 3230 v.
1019 3173 1100 3230 At
1127 3190 1163 3232 o
1195 3171 1453 3231 Deorum
1481 3170 1749 3250 quisquis
1777 3171 1837 3229 in
1867 3171 2021 3231 coelo
2047 3173 2224 3250 regis.

877 3284 971 3327 vx.
1015 3265 1174 3334 Quid
1203 3266 1575 3326 immerentes
1604 3265 1869 3345 hospites
1899 3285 2099 3338 vexas,
2120 3266 2308 3326 canis.

844 3380 968 3421 vxx.
1013 3361 1169 3431 Quo,
1199 3379 1317 3441 quo
1346 3361 1584 3421 scelesti
1614 3360 1827 3420 ruitis?
1881 3372 1983 3422 aut
2011 3381 2115 3423 cur
2144 3361 2421 3421 dexteris.

816 3475 970 3516 vxxx.
1016 3457 1253 3535 Rogare
1280 3455 1460 3534 longo
1490 3455 1757 3535 putidam
1787 3467 1845 3516 te
1875 3457 2114 3518 saeeulo.

864 3571 963 3612 xx.
1009 3549 1266 3621 Quando
1293 3562 1595 3632 repostum
1624 3553 1948 3612 Caecubum
1979 3552 2055 3612 ad
2083 3554 2269 3613 festas
2297 3552 2502 3632 dapes.

897 3667 964 3707 x.
1007 3646 1175 3706 Mala
1203 3646 1399 3708 soluta
1428 3649 1595 3708 navis
1626 3649 1747 3709 exit
1775 3648 1937 3709 alite.

604 3780 1253 3847 Dscnmuouxrwrnu
1285 3798 1543 3842 onnus:
1569 3792 1638 3841 ut
1656 3780 1849 3863 Epod.
1883 3803 1980 3843 xx.
2017 3802 2153 3861 quae
2174 3794 2267 3842 est
2288 3782 2530 3843 Dicolos
2562 3783 2703 3843 Dis·

520 3877 784 3959 trophos.
835 3876 1064 3937 Primus
1084 3878 1335 3957 quisque
1351 3896 1557 3940 versus
1585 3888 1680 3938 est
1707 3878 1997 3939 Iambicus
2019 3879 2464 3959 Hipponacteus
2481 3878 2704 3939 Trime-

519 3985 609 4035 ter
633 3972 1049 4034 Acatalectus:
1090 3972 1282 4052 qualis
1311 3975 1446 4035 illex
1489 3974 1610 4037 Ibis
1649 3975 1915 4037 Liburnis
1957 3977 2106 4035 inter
2132 3974 2254 4036 alta
2280 3975 2555 4045 navium3
2583 3973 2702 4036 hoc

428 4076 435 4087 ‘
519 4069 698 4130 modo
724 4093 739 4130 z

711 4178 968 4232 Pecti--
1007 4181 1227 4236 nibilu—
1263 4196 1344 4235 me
1364 4183 1411 4235 si
1429 4208 1512 4223 --
1551 4190 1642 4236 cut
1665 4197 1731 4236 an
1749 4206 1828 4236 υ·-
1872 4190 1958 4238 tes
1976 4209 2054 4239 υ-
2086 4184 2344 4250 jnvatw
