3050 4875
835 656 992 736 DE
1067 655 1446 734 AMICIS
1526 657 2026 735 HORATII.

1162 890 1712 932 ..ι-ιτ

340 1102 706 1183 TANTUM,
735 1109 877 1171 tam
916 1106 1193 1184 bonum,
1239 1109 1375 1170 tam
1413 1106 1783 1186 elegantem
1813 1105 2027 1170 virum
2072 1106 2234 1189 quin
2280 1113 2532 1171 amaret

340 1205 643 1287 optimus
673 1213 746 1270 et
770 1206 1301 1289 elegantissimus
1327 1207 1644 1289 quisque,
1667 1206 1810 1270 fieri
1841 1225 1974 1271 non
2001 1213 2283 1291 poterat.
2326 1206 2533 1291 Apud

340 1304 683 1372 Caesarem
713 1306 1092 1390 Augustum
1120 1307 1209 1373 ad
1235 1307 1752 1373 familiaritatem
1788 1327 2005 1392 usque
2034 1310 2250 1390 gratia
2278 1309 2532 1388 valuit3

338 1425 495 1471 nam
546 1415 615 1473 et
653 1409 1110 1475 delectabatur
1153 1409 1265 1475 ille
1312 1410 1584 1493 ingenio
1632 1410 1945 1488 hominis,
1975 1417 2044 1475 et
2078 1410 2370 1487 videbat,
2400 1410 2534 1475 sibi

338 1508 530 1574 illum
558 1515 629 1574 et
655 1510 887 1593 g'loriae
915 1530 1081 1588 suae,
1110 1517 1177 1575 et
1204 1511 1571 1596 prudentiae
1603 1511 1826 1576 civilis
1855 1531 2087 1589 causa,
2118 1531 2272 1576 esse
2301 1531 2535 1577 neces·

342 1613 618 1675 sarium.
704 1610 1005 1677 Canebat
1030 1612 1227 1691 enim,
1266 1611 1653 1696 plerumque
1675 1612 1932 1695 jussus,
1961 1613 2149 1676 illius
2184 1613 2530 1690 victorias,

340 1712 722 1794 populoque
761 1711 1069 1778 Romano
1108 1711 1623 1777 commendabat
1643 1712 1791 1795 ejus
1829 1714 2010 1796 leges
2040 1733 2123 1778 ac
2149 1714 2533 1796 imperium;

214 1891 228 1908 ·
340 1830 501 1896 quae
540 1831 769 1880 omnes
815 1813 1268 1897 pulcherrimae
1300 1811 1474 1879 odae
1502 1833 1654 1878 esse
1684 1815 1924 1880 solent.
1995 1813 2325 1881 Omnium
2375 1835 2535 1881 vero

340 1915 881 1999 potentissimum
908 1915 1197 1980 amicum
1223 1915 1458 1980 babuit
1486 1913 1567 1979 C.
1588 1913 1875 1981 Cilnium
1907 1915 2374 1995 Maecenatem,
2404 1916 2535 1981 ele-

340 2015 713 2098 gantissimi
742 2018 951 2081 virum
983 2016 1251 2099 ingenii,
1282 2017 1633 2082 doctorum
1673 2017 2007 2081 hominum
2052 2017 2376 2099 insignem
2412 2036 2534 2100 pa·

344 2124 651 2198 tronum3
695 2119 895 2201 cujus
922 2115 1157 2183 Vitam
1209 2119 1589 2183 accuratius
1621 2118 1986 2202 descripsit
2029 2118 2099 2184 J.
2132 2116 2230 2184 H.
2272 2118 2535 2184 Meibo-

341 2219 521 2282 mius
545 2218 663 2302 (L.
696 2219 781 2284 B.
804 2219 997 2285 1653.
1025 2217 1144 2304 4.).
1217 2219 1349 2283 Sed
1378 2225 1622 2304 praeter
1649 2221 1818 2284 hunc
1848 2222 2044 2284 etiam
2079 2220 2179 2284 M.
2209 2220 2533 2304 Agrippa,

342 2319 629 2385 Asinius
650 2319 896 2399 Pollio,
919 2322 1164 2386 summi
1185 2341 1268 2386 ac
1293 2321 1631 2404 principes
1660 2321 1805 2399 viri,
1824 2322 2133 2404 singulari
2161 2342 2311 2387 eum
2333 2323 2535 2387 bene-

344 2421 641 2488 volentia
666 2422 1010 2507 complexi
1038 2429 1214 2488 sunt.
1288 2421 1395 2487 Ex
1426 2421 1651 2507 po'etis
1678 2424 2066 2488 amicissimi
2093 2425 2354 2489 suerunt
2383 2422 2536 2489 Vir-

344 2524 574 2606 gilius,
599 2523 872 2603 Varius,
896 2524 1187 2603 Plotius,
1206 2544 1289 2590 ac
1311 2524 1652 2590 Tibullus.
1697 2525 1831 2590 Sed
1850 2526 2086 2591 habuit
2106 2526 2279 2591 alios
2310 2527 2546 2603 etiam,

346 2623 434 2689 ad
459 2644 638 2708 quos
668 2626 964 2692 carmina
988 2626 1278 2711 scripsit,
1319 2627 1430 2690 vel
1459 2646 1732 2711 quorum
1760 2627 1826 2690 in
1863 2628 1970 2695 bis
2013 2628 2407 2692 mentionem
2438 2627 2535 2692 se-

344 2726 463 2791 cit.
530 2725 678 2789 Nos
696 2726 840 2810 jam
868 2726 1173 2792 dicamus
1202 2727 1509 2810 quaedam
1540 2726 1625 2790 de
1655 2727 1743 2791 iis
1778 2727 2050 2793 Horatii
2079 2729 2341 2804 amicis,
2362 2748 2534 2814 quos

343 2825 501 2891 libri
548 2842 598 2888 ι.
641 2834 714 2890 et
752 2843 835 2890 11.
881 2827 1092 2909 gratia
1133 2846 1336 2891 nosse
1365 2828 1675 2907 interest3
1730 2828 1998 2892 omissis
2026 2835 2254 2891 tamen
2279 2829 2390 2906 iis,
2419 2830 2536 2911 qui

342 2927 454 2991 vel
482 2929 650 2993 satis
681 2928 977 2993 illustres
1003 2947 1086 2993 ac
1109 2929 1275 3005 noti,
1292 2930 1406 2994 vel
1437 2933 1667 2994 contra
1692 2930 1987 3006 obscuri,
2011 2931 2121 2995 vel
2150 2929 2433 3012 denique
2463 2931 2534 2994 in

347 3028 779 3111 Argumentis
809 3027 1190 3094 carminum
1209 3029 1357 3113 jam
1386 3030 1881 3094 commemorati
1908 3036 2086 3094 sunt.

436 3129 518 3193 1..
541 3129 841 3208 Sextius,
872 3129 961 3193 ad
987 3149 1187 3213 quem
1232 3136 1336 3194 est
1386 3147 1435 3194 1.
1473 3128 1603 3194 od.
1634 3133 1700 3193 4.
1732 3130 1995 3194 videtur
2020 3150 2171 3195 esse
2201 3132 2284 3209 is,
2313 3150 2535 3215 quem,

348 3231 541 3296 Bruti
564 3230 1150 3308 studiosissimum,
1175 3231 1522 3313 Augustus
1553 3231 1639 3297 A.
1657 3230 1746 3296 U.
1768 3231 1920 3297 731.
1962 3229 2322 3298 Consulem
2345 3233 2413 3296 in
2435 3231 2537 3296 lo-

331 3352 504 3420 ‚cum
534 3346 727 3397 suum
754 3332 1051 3411 suffecit3
1081 3332 1220 3397 vid.
1255 3333 1393 3399 Dio
1424 3347 1652 3397 xum.
1681 3337 1845 3396 extr.
1915 3331 2053 3397 Sed
2083 3338 2238 3397 ante
2265 3332 2337 3397 id
2369 3340 2536 3397 tem·

347 3454 484 3519 pus
507 3432 657 3498 Ode
684 3434 938 3516 scripta
959 3433 1260 3515 videtur;
1289 3433 1467 3499 unde
1492 3434 1671 3499 male
1695 3435 1764 3497 iu
1782 3432 2010 3499 Titnlo
2040 3434 2304 3499 additur
2326 3437 2346 3468 ‘
2366 3431 2539 3496 Gon·

347 3535 683 3609 sulutem!
769 3534 1008 3619 Neque
1035 3543 1221 3599 recte
1257 3539 1277 3570 ‘
1300 3533 1619 3600 Publius’
1658 3534 1928 3613 dicitur,
1957 3545 2072 3600 aut
2114 3534 2374 3599 ostendi
2416 3551 2546 3616 po··

349 3641 506 3709 test,
531 3644 773 3714 utrum,
804 3635 984 3719 quod
1013 3636 1082 3700 in
1111 3635 1512 3720 quibusdam
1543 3636 1716 3700 Mss.
1760 3640 1887 3713 est,
1920 3652 2284 3717 cognomen
2320 3638 2342 3668 ‘
2368 3633 2539 3713 Qui-

347 3736 517 3800 rini'
544 3755 770 3801 verum
800 3737 913 3802 sit.
1003 3737 1185 3802 Male
1225 3744 1297 3802 et
1329 3738 1473 3820 ipse
1503 3756 1548 3802 a
1576 3736 1813 3801 multis
1839 3736 2151 3801 scribitur
2185 3741 2208 3771 ‘
2228 3735 2539 3813 Sestius,²

348 3837 535 3921 quod
565 3844 791 3920 aperte
820 3844 929 3905 est
954 3858 995 3903 e
1021 3839 1396 3922 corruptela
1423 3838 1671 3904 Graeca
1702 3835 1958 3913 Σᾶστιος.

438 3938 523 4003 1..
551 3938 801 4003 Varius
821 3946 1223 4003 memoratur
1253 3955 1305 4004 1.
1331 3936 1463 4004 Od.
1490 3939 1560 4003 6.
1605 3938 1818 4023 po‘e‘ta
1842 3940 2098 4024 Epicus
2126 3946 2195 4005 et
2211 3939 2540 4021 'lb-agicus

349 4040 841 4118 nobilissimus,
868 4060 1064 4123 quem
1088 4040 1415 4123 Virgilius
1445 4040 1594 4105 Ecl.
1625 4056 1736 4105 rx.
1758 4040 1867 4109 35.
1914 4041 2118 4106 Mart.
2146 4055 2303 4103 vnn.
2331 4040 2436 4105 18.
2465 4047 2536 4104 et

352 4141 421 4205 h.
444 4141 495 4207 l.
526 4161 608 4207 ac
639 4157 689 4208 1.
721 4142 867 4206 Sat.
896 4142 1001 4206 lo.
1030 4142 1137 4205 44.
1194 4140 1525 4206 Horatius
1572 4144 1874 4224 impense
1916 4140 2165 4205 laudat.
2227 4140 2538 4204 Servavit
