3050 4875
833 963 934 1061 J.
1048 963 1197 1049 M.
1306 955 2114 1054 GESNERI

1098 1239 1887 1326 PRAEFATIO.

396 1784 645 1872 Anno
678 1809 767 1872 ab
808 1806 1114 1872 omnibus
1157 1804 1312 1868 inde
1358 1804 1634 1868 saeculis
1680 1801 2279 1885 sategeruntcirca
2325 1801 2598 1870 Horatii

397 1911 636 1976 Flacci
662 1909 948 1992 Eclogas
974 1906 1277 1985 Librarii‚
1308 1905 1747 1988 InterpreteS,
1766 1904 2022 1985 Critici,
2045 1914 2121 1972 ut
2155 1908 2378 1990 possit
2405 1905 2602 1969 homo

400 2012 706 2095 diligens,
735 2011 842 2075 cui
868 2008 1316 2094 Bibliothecae
1346 2013 1652 2092 pateant,
1692 2007 1898 2074 facile
1923 2009 2168 2075 librum
2195 2009 2603 2076 mediocrem

400 2116 513 2180 vel
542 2115 690 2179 sola
718 2112 916 2197 hujus
948 2111 1189 2178 Po'etae
1217 2111 1586 2176 enarranda
1617 2110 1930 2178 Historia
1954 2111 2245 2178 literaria
2273 2111 2574 2195 implere.

491 2218 583 2282 Et
612 2224 861 2294 tamen,
892 2214 1076 2300 quod
1106 2216 1250 2280 sine
1278 2212 1521 2306 injuria
1549 2216 1949 2300 cujusquam
1975 2214 2262 2281 hominis
2285 2214 2611 2298 simplici-

403 2327 641 2403 terque
689 2318 943 2383 dietnm
992 2317 1326 2394 volumus,
1375 2315 1797 2382 desideratur
1846 2336 1890 2382 a
1932 2317 2160 2383 multis
2208 2317 2363 2383 inde
2412 2318 2608 2382 annis

406 2420 641 2487 Editio
671 2441 825 2506 quse
849 2420 1141 2506 primum
1172 2420 1377 2485 verba
1409 2417 1752 2500 Auctoris,
1783 2426 2112 2504 qnantum
2149 2425 2400 2506 potest,
2442 2420 2608 2485 inte-

408 2542 527 2606 gra
554 2530 761 2607 atque
807 2521 1167 2588 emendata
1199 2528 1656 2605 repraesentet,
1691 2541 1903 2606 neque
1964 2522 2329 2607 superioris
2379 2525 2615 2588 barba-

405 2614 529 2690 riei
559 2624 746 2689 vitiis
774 2622 1066 2703 horrida,
1106 2642 1321 2707 neque
1370 2621 1602 2688 eadem
1651 2632 1966 2709 corrupta
2012 2632 2085 2690 et
2127 2625 2527 2710 interpolata
2572 2645 2615 2690 a

412 2726 706 2794 criticis.
980 2752 985 2755 ·

497 2827 699 2908 Quod
728 2838 801 2893 ut
818 2827 1116 2914 judicari
1158 2827 1402 2892 melius
1445 2829 1687 2911 possit,
1719 2828 1925 2912 adjici
1959 2828 2281 2913 optabam
2306 2826 2616 2895 Varieta-

411 2939 552 2996 tem
596 2929 962 3008 Lectionis,
1009 2931 1154 2996 sive
1201 2931 1289 2995 ab
1320 2929 1628 3014 antiquis
1677 2931 1967 2997 librariis
1988 2937 1994 2943 '
2019 2951 2104 2998 ea
2158 2930 2462 3017 profecta
2507 2933 2619 3009 sit,

414 3035 563 3098 sive
612 3051 655 3098 a
704 3032 1139 3097 recentiorum
1180 3032 1522 3097 hominum
1555 3033 1823 3098 invecta
1851 3034 2165 3117 ingeniis,
2194 3052 2327 3099 non
2360 3052 2620 3099 omnem

412 3136 594 3200 illam
627 3134 925 3217 quidem,
963 3133 1148 3217 quod
1190 3133 1517 3199 infinitum
1562 3142 1691 3213 est,
1735 3143 1803 3202 et
1841 3136 1914 3200 in
1955 3135 2158 3215 libro,
2204 3136 2468 3221 qualem
2511 3136 2620 3200 hic

413 3236 882 3314 describimuS,
926 3255 1066 3314 non,
1104 3237 1576 3313 necessarium,
1619 3236 1736 3300 sed
1782 3255 1955 3315 eam,
2006 3256 2162 3323 qnae
2208 3238 2318 3303 vel
2362 3242 2622 3303 senten-

372 3402 396 3419 ,
416 3341 584 3403 tiam
630 3337 891 3415 Poetae,
930 3336 1039 3402 vel
1082 3343 1374 3402 veterem
1426 3336 1984 3421 orthographiam
2027 3342 2274 3417 mutet,
2294 3339 2401 3405 vel
2443 3338 2625 3403 aliud

416 3440 852 3506 memorabile
881 3441 1152 3518 habeat,
1184 3439 1371 3523 qnod
1411 3459 1542 3505 non
1572 3438 1870 3523 ignorare
1894 3441 2067 3507 velit
2098 3440 2342 3525 aliquis
2372 3440 2625 3505 medio-

418 3544 618 3608 criter
657 3541 895 3607 horum
945 3541 1320 3607 studiorum
1366 3543 1703 3608 curiosus,
1789 3541 1975 3608 Nam
2007 3543 2128 3628 qui
2157 3543 2360 3628 plane
2387 3562 2461 3606 se
2490 3542 2625 3607 illis

417 3643 765 3723 dedidere,
814 3646 919 3708 his
969 3645 1131 3710 nihil
1174 3645 1447 3711 nimium
1480 3653 1612 3711 est.
1701 3644 1863 3711 Hoc
1891 3646 2095 3730 igitur
2139 3645 2428 3711 alterum
2462 3651 2628 3722 erat,

416 3747 609 3832 quod
643 3747 1093 3831 requirebam.

511 3849 816 3934 Denique
849 3869 1006 3915 cum
1033 3850 1332 3935 plurimi,
1363 3850 1523 3936 quin
1567 3849 1871 3935 plerique
1899 3851 2034 3916 sint
2065 3850 2460 3917 Horatianoe
2496 3846 2631 3913 ele-

421 3951 674 4037 gantiae
706 3953 1021 4030 studiosi,
1052 3954 1168 4036 qui
1216 3954 1321 4020 vel
1366 3975 1488 4039 per
1531 3959 1825 4032 aetatem,
1871 3954 1976 4020 vel
2019 3973 2145 4038 per
2170 3970 2631 4038 quascumque

424 4055 599 4118 alias
628 4055 787 4119 vitae
817 4075 959 4120 suae
1005 4058 1323 4135 rationes,
1353 4076 1488 4122 non
1530 4058 1798 4141 possint
1844 4057 2012 4122 satis
2052 4055 2427 4139 intelligere
2456 4051 2634 4119 Po'e·

422 4162 587 4236 tam,
618 4169 1007 4225 novatorem
1035 4160 1103 4223 in
1123 4159 1347 4227 verbis
1375 4179 1861 4244 nonnunquam,
1884 4160 2093 4227 multa
2116 4180 2154 4226 e
2179 4157 2427 4225 Graeco
2450 4157 2633 4223 sonte
