3050 4875
1001 391 1100 438 sn
1143 388 1557 439 naumann
1609 389 1754 437 mn.
1802 389 1849 437 1.
2375 371 2502 437 2⁴1

1041 627 1558 693 EXCURSUS
1635 628 1772 693 111.

1237 789 1340 838 An
1376 788 1493 838 on.
1526 790 1594 840 x.

1126 949 1222 996 1)ss
1270 949 1694 998 MERCURIO.

316 1094 450 1144 Nou
481 1101 564 1145 est
595 1095 809 1152 animus,
836 1108 903 1144 ne
925 1095 1037 1159 quis
1058 1100 1218 1158 erret,
1240 1108 1481 1143 enarrare
1513 1095 1612 1144 hoc
1652 1096 1766 1144 loco
1799 1109 1997 1146 omnem
2032 1098 2097 1147 de
2121 1098 2386 1148 Mercurio
2425 1097 2502 1147 fs-

238 1223 249 1226 ,
313 1173 486 1223 hulam
506 1190 522 1235 ς
554 1187 667 1223 nam
691 1188 756 1223 ea
776 1173 889 1236 ipse
912 1173 1098 1236 partim
1121 1174 1244 1221 satis
1264 1180 1348 1221 est
1369 1180 1510 1233 nota,
1533 1174 1722 1236 partim
1746 1176 1855 1237 peti
1881 1177 2090 1227 aliunde
2114 1185 2300 1241 potest.
2367 1180 2503 1228 Con·

312 1251 555 1301 stitutum
573 1250 745 1315 potius
764 1259 865 1313 est,
885 1265 1043 1315 snper
1062 1251 1325 1301 Mercurio
1346 1251 1707 1315 philosophari,
1729 1253 1771 1301 si
1794 1254 1997 1318 quidem
2023 1257 2097 1305 uti
2119 1262 2222 1306 tam
2242 1259 2503 1321 arroganti

314 1331 567 1382 vocabulo
589 1331 707 1381 licet
716 1364 733 1393 ,
753 1332 789 1380 i
813 1345 860 1381 e.
887 1330 1022 1381 unde
1044 1331 1217 1381 ductae
1242 1331 1364 1394 sint,
1399 1345 1528 1395 ques
1552 1331 1618 1381 de
1640 1346 1703 1381 eo
1723 1334 2085 1397 concepissent
2106 1341 2324 1399 veteres,
2346 1337 2499 1398 ideae,

312 1410 580 1475 suspicari,
602 1417 776 1476 atque,
796 1410 935 1461 unde
958 1412 1029 1462 illi
1053 1417 1134 1462 tot
1166 1425 1377 1461 munera
1399 1412 1521 1473 sint,
1544 1420 1604 1461 nt
1631 1413 1854 1462 omnium
1878 1413 2104 1464 Deorum
2142 1416 2366 1466 maxime
2398 1417 2504 1466 dis·

316 1496 515 1542 tractus
535 1490 605 1540 sit
632 1491 930 1540 ministeriis
950 1491 1078 1557 (vid.
1106 1492 1316 1541 Lucinn.
1339 1491 1474 1540 Dial.
1508 1492 1668 1541 Deor.
1693 1505 1847 1543 xxiv.
1851 1491 1895 1556 ),
1917 1492 2246 1559 investigare.
2315 1495 2500 1559 Neque

312 1582 457 1632 vero,
475 1569 589 1619 nisi.
606 1570 670 1620 de
694 1569 888 1620 Groeco
920 1579 976 1621 et
1008 1571 1239 1620 Romano
1271 1569 1553 1633 Mercurio,
1573 1571 1860 1634 loquemur,
1880 1572 2044 1621 missis
2074 1585 2232 1637 snper
2255 1574 2497 1638 Egyptio

310 1647 491 1698 litibus
513 1654 569 1699 et
589 1649 913 1713 opinionibus
947 1648 1304 1710 eruditornm;
1337 1650 1473 1714 quod
1508 1649 1664 1699 istum
1700 1652 1953 1714 inprimis,
1977 1666 2093 1701 cum
2127 1652 2280 1716 liujus
2303 1654 2501 1703 Carmi-

313 1729 416 1790 nis,
437 1736 546 1779 tnm
569 1729 783 1780 aliorum
805 1730 856 1778 in
884 1729 1065 1780 Poiitis
1101 1730 1324 1781 Gracia
1346 1738 1403 1781 et
1445 1730 1583 1780 Latii
1604 1731 1833 1780 locorum
1853 1744 2028 1792 causa,
2047 1745 2199 1781 nosse
2221 1732 2501 1783 debemus.

315 1822 625 1873 quanquam,
649 1815 706 1858 nt
730 1810 791 1858 lit
826 1808 882 1857 in
913 1809 1256 1874 Mytliologia,
1291 1810 1544 1860 attributa
1577 1811 1797 1873 plurima
1833 1809 2085 1874 AEgyptii,
2120 1812 2231 1898 sive
2265 1812 2309 1860 is
2343 1811 2501 1861 fuerit

314 1887 502 1950 mih,
525 1888 635 1938 sive
656 1887 880 1950 Anubis,
899 1888 1108 1940 Gracia
1128 1897 1185 1940 et
1206 1890 1368 1939 Rome
1391 1889 1678 1939 derivarit·
1665 1904 1717 1938 ιιι
1741 1904 1907 1939 suum.

379 1966 689 2021 Mercurius,
711 1967 955 2016 eximium
984 1968 1209 2032 antiqua
1246 1966 1526 2030 Sapientia
1560 1966 1928 2031 Mythologico
1962 1969 2274 2031 exemplum,
2295 1970 2502 2033 symbo-

313 2047 422 2096 lum
444 2044 578 2095 hand
600 2044 756 2095 dubie
777 2044 879 2095 fnit
895 2046 985 2095 τοῦ
1004 2040 1189 2109 Λόγον,
1204 2046 1254 2095 Ιι.
1279 2061 1326 2097 e.
1346 2054 1402 2095 et
1427 2045 1651 2096 Rationis
1671 2046 1973 2112 mentisque.
1993 2047 2106 2110 (τοῦ
2124 2046 2275 2112 νόον).
2291 2057 2364 2110 et,
2383 2064 2500 2114 qun

314 2125 427 2174 sine
464 2129 640 2174 mente
663 2138 778 2174 esse
823 2138 926 2174 non
964 2131 1158 2188 potest,
1185 2126 1469 2183 Orationi,-
1501 2133 1559 2176 et
1595 2127 1673 2175 sie
1707 2139 1882 2176 eorum
1907 2128 2130 2189 omnino,
2151 2126 2334 2192 quibus
2371 2143 2506 2192 pra·

314 2209 458 2253 stent
480 2201 641 2253 brutis
662 2202 1013 2253 animantibus
1036 2203 1280 2262 homines.
1348 2204 1428 2253 Ex
1450 2204 1549 2255 hae
1572 2204 1708 2268 idea,
1734 2211 1791 2254 ut
1807 2205 1922 2254 fieri
1943 2206 2094 2268 solet,
2112 2208 2278 2256 omnin
2294 2208 2502 2257 Mercu·

313 2285 380 2335 rii
403 2283 680 2347 attributa,
696 2298 852 2333 unum
874 2298 943 2334 ex
966 2284 1150 2346 altero,
1172 2282 1448 2333 fluxerunt.
1511 2285 1646 2334 Nam
1671 2284 1906 2348 primum,
1926 2300 2042 2335 cnm
2065 2286 2340 2337 crederent
2363 2296 2503 2337 vete·

314 2371 660 2426 temnentem
698 2364 963 2413 humanam
987 2378 1103 2413 esse
1124 2378 1190 2413 ex
1214 2364 1385 2413 anime
1404 2367 1627 2413 s.‘sensu
1649 2365 1821 2414 mundi
1846 2365 2144 2429 decerptam
2174 2367 2500 2429 particulam,

314 2451 371 2494 et
394 2445 471 2494 sic
494 2457 560 2492 ex
575 2449 756 2494 natura
774 2443 948 2493 divina
967 2444 1108 2493 velut
1126 2457 1395 2493 emanasse
1411 2443 1542 2508 (vid.
1567 2444 1649 2493 ΙΙΙ.
1668 2445 1839 2506 Heyn.
1861 2444 1991 2494 Exc.
2009 2451 2138 2494 xm.
2157 2446 2222 2493 ad
2240 2445 2351 2495 AEn.
2372 2447 2501 2509 vi.);

316 2538 434 2573 cum
470 2523 838 2586 intelligerent,
858 2532 1107 2589 quantum
1142 2537 1396 2588 quamque
1434 2524 1696 2573 excelsum
1733 2529 1868 2572 esset
1886 2522 2041 2585 Λόγος
2059 2523 2365 2574 beneficium
2401 2527 2500 2575 sibi

317 2618 349 2653 a
384 2604 502 2658 Diis
536 2604 910 2654 immortalibus
947 2602 1219 2665 tributum,
1241 2603 1386 2665 cnjus
1421 2616 1520 2665 ope
1554 2602 1696 2651 docti
1730 2610 1905 2652 essent
1931 2610 1987 2652 et
2024 2605 2309 2667 sapientes,
2345 2604 2501 2654 Artes

224 2682 243 2697 Χ
315 2698 376 2732 ac
397 2683 653 2733 Scientias
675 2683 1000 2744 indagarent,
1022 2681 1446 2745 profundissimas
1462 2694 1546 2730 res
1567 2681 1958 2743 investigarent.
1980 2681 2299 2745 Religionem
2323 2673 2502 2733 volun·

314 2770 582 2827 tatemque
606 2764 835 2813 Deorum
864 2767 1258 2825 cognoscerent,
1277 2774 1392 2810 cnm
1432 2760 1547 2822 ipso
1570 2759 1702 2808 coelo
1724 2762 2084 2810 commercium
2105 2761 2374 2826 haberent,
2394 2777 2503 2812 me·

313 2842 493 2891 liorem
516 2849 573 2892 et
594 2842 939 2892 humaniorem
962 2841 1154 2889 cultum
1177 2839 1365 2893 sensim
1387 2839 1683 2903 acciperent
1705 2855 1721 2899 ς
1755 2837 1909 2889 facile
1931 2839 2124 2890 factum
2148 2850 2250 2905 est,
2273 2851 2330 2891 ut
2361 2845 2501 2895 Mer·

314 2923 489 2972 curius
513 2922 528 2950 ‘
552 2923 783 2971 Deorum
806 2919 1020 2971 Nuntii’
1041 2925 1096 2969 et
1116 2920 1265 2983 qnasi
1282 2917 1480 2979 μεσίτου
1500 2918 1638 2969 inter
1659 2920 1843 2969 coelum
1867 2926 2162 2985 terramque
2184 2937 2396 2974 munere
2419 2939 2503 2974 or-

315 3007 549 3061 naretur.
566 3009 626 3051 ut
658 3001 956 3063 religionem
990 3006 1045 3049 et
1078 2998 1332 3050 sacrificia
1364 2999 1694 3049 constituisse
1731 2999 1990 3050 diceretur
2020 3000 2148 3066 (vid.
2180 3001 2343 3052 Oisel.
2376 3005 2502 3054 Tab.

316 3094 484 3132 mxxv.
507 3096 559 3132 n.
587 3084 667 3130 to.
691 3079 816 3143 12),
838 3079 1093 3143 reperisse
1126 3078 1286 3128 Artes
1310 3087 1365 3129 et
1398 3079 1659 3129 Scientias
1688 3079 1947 3143 plurimas,
1982 3080 2259 3145 Matlresin,
2279 3081 2503 3134 Geome-

317 3162 488 3224 triam,
507 3160 888 3211 Astronomiam
909 3159 1037 3223 (vid.
1059 3157 1212 3209 Diod.
1233 3158 1339 3208 Sic.
1363 3157 1450 3208 lib.
1468 3171 1507 3207 ι.
1530 3172 1581 3220 p.
1604 3162 1681 3208 14.
1706 3157 1831 3221 m),
1860 3159 1995 3208 omni
2029 3158 2253 3224 denique
2275 3162 2502 3211 hnmani-

318 3242 444 3293 tatis
465 3242 739 3306 elegantia
779 3251 1004 3304 proeesse
1027 3238 1350 3301 crederetur,
1371 3245 1424 3287 et
1447 3239 1513 3287 ob
1544 3237 1596 3287 id
1621 3238 1788 3301 ipsum
1813 3238 2024 3302 pulchra
2044 3237 2158 3289 fere
2191 3256 2250 3289 ac
2278 3241 2502 3304 juvenili

316 3321 487 3372 forma
524 3321 578 3370 in
606 3318 948 3369 monumentis
988 3326 1149 3368 esset.
1216 3319 1587 3368 Memorandus
1616 3317 1669 3367 Ιι.
1701 3319 1737 3368 l.
1756 3318 1988 3382 inprimis
2026 3321 2181 3369 etiam
2214 3322 2356 3372 locus
2379 3320 2504 3372 Am·

317 3403 472 3451 mian.
495 3400 732 3450 Marcell.
757 3412 875 3448 xvs.
912 3402 990 3447 1⁰.
1032 3399 1048 3425 ⁸
1079 3397 1324 3449 Julianus
1347 3432 1362 3447 .
1380 3432 1423 3447 ..
1445 3397 1651 3447 occulte
1675 3397 1943 3447 Mercurio
1973 3399 2301 3462 supplicabat
2318 3400 2499 3466 (quem

318 3481 495 3530 mundi
516 3478 828 3530 velociorem
860 3491 1066 3528 sensum
1099 3491 1234 3539 esse,
1266 3484 1461 3527 motum
1502 3478 1750 3528 mentium
1783 3477 2137 3541 suscitantem,
2171 3480 2500 3543 'theologico

319 3559 595 3626 prodidere
615 3556 934 3622 Doctrinae);
957 3590 972 3607 .
987 3593 1001 3606 .
1020 3589 1037 3607 .
1058 3564 1179 3622 post
1196 3571 1311 3622 quae
1329 3564 1390 3606 ut
1406 3555 1567 3605 erdua
1588 3564 1644 3606 et
1661 3556 1798 3606 seria
1815 3557 2109 3621 terminata,
2129 3558 2193 3607 ad
2213 3559 2503 3621 procuden·

317 3642 439 3691 dnm
460 3639 720 3701 ingenium
743 3636 1072 3698 vertebatur:
1089 3642 1188 3687 &c-

382 3719 588 3770 Deinde
612 3719 826 3782 antiqua
847 3725 901 3767 et
926 3715 1197 3767 admodum
1231 3715 1585 3780 philosophica
1609 3714 1890 3765 traditione
1913 3716 2154 3779 Loqnelae
2176 3729 2217 3764 s.
2236 3716 2501 3766 Sermonis

317 3813 418 3863 ope
441 3798 637 3848 exculti
659 3811 721 3847 ac
744 3796 951 3847 formati
974 3795 1130 3861 prisci
1163 3794 1393 3845 homines
1426 3793 1729 3845 creduntur.
1796 3793 1907 3843 Cic.
1928 3792 1995 3842 de
2034 3793 2186 3844 Orat.
2209 3807 2247 3845 ι.
2268 3799 2318 3845 8.
2385 3799 2401 3824 ⁸
2426 3796 2503 3846 Ut

294 3870 442 3929 'vero
453 3879 562 3944 jam
586 3877 651 3927 ad
674 3877 765 3926 illa
790 3891 987 3926 summa
1007 3875 1290 3937 veniemus,
1309 3890 1425 3940 quae
1448 3875 1526 3924 vis
1545 3874 1648 3923 aliu
1670 3872 1894 3939 (proeter
1925 3873 2307 3937 Eloquentiam)
2328 3877 2503 3937 potuit

320 3966 408 4009 aut
429 3959 688 4022 dispersos
709 3956 936 4007 homines
958 3970 1112 4007 unum
1137 3956 1188 4004 in
1211 3957 1377 4005 locum
1416 3969 1749 4018 congregare,
1769 3962 1860 4004 aut
1892 3970 1923 4004 a
1950 3953 2062 4004 fera
2083 3955 2377 4019 agrestique
2396 3954 2504 4005 vita

321 4039 385 4089 ad
409 4041 541 4088 hunc
564 4039 843 4086 humanum
863 4037 1055 4086 cultum
1078 4035 1382 4100 civilemque
1405 4035 1664 4085 deducere
1679 4034 1716 4083 Ρ
1751 4034 1856 4084 vid.
1872 4041 1929 4083 et
1950 4035 2136 4084 Horat.
2159 4049 2198 4084 1.
2217 4036 2327 4085 Sat.
2348 4037 2396 4082 3.
2417 4039 2502 4086 99.

322 4118 477 4169 Unde
513 4117 837 4181 intelligitur,
855 4130 948 4166 cur
967 4119 983 4145 ⁸
1005 4115 1251 4166 formasse
1275 4122 1512 4165 recentes
1544 4113 1812 4177 homines‚'
1835 4114 1935 4163 illis
1971 4127 2275 4176 sermonem,
2293 4118 2368 4178 et,
2388 4114 2501 4181 qui-

323 4198 419 4250 bus
439 4199 524 4248 liic
545 4197 872 4262 exprimitur,
902 4197 1078 4248 literas
1095 4197 1507 4262 scripturamque
1530 4195 1756 4257 dedisse,
1769 4192 1967 4245 feratur
1989 4192 2295 4245 Mercurius.

449 4279 691 4344 Delfis-et
717 4279 835 4330 γαν.
850 4278 979 4332 Clas.
1337 4273 1515 4325 Hom.
2324 4277 2372 4328 Q
