3050 4875
479 362 609 428 216
1203 381 1269 440 Q.
1318 378 1638 428 nous-ru
1691 379 1954 428 rusco}

740 520 1137 587 Insanientis
1168 522 1327 587 dum
1358 522 1708 604 sapientiae

826 622 1188 688 Consultus
1218 642 1388 698 erro,
1424 642 1599 688 nnnc
1630 631 1984 687 retrorsum

908 722 1081 788 Vela
1113 723 1297 802 dare,
1328 733 1534 806 atque
1560 726 1798 787 iterare
1832 744 2070 789 cursus

736 821 958 908 Cogor
984 825 1291 890 relictos:
1322 845 1611 909 namque
1641 826 2010 910 Diespiter,
2627 825 2673 889 5

739 925 886 1008 Igni
921 945 1206 991 corusco
1234 928 1464 991 nubila
1506 927 1812 992 dividens

480 1107 609 1158 ditus
643 1108 807 1158 aberro
827 1123 844 1163 .-
862 1107 970 1168 Jnm
988 1121 1095 1156 nero
1117 1111 1281 1156 eontra
1302 1105 1531 1169 velificari
1550 1106 1723 1167 adiges·
1741 1111 1791 1154 et
1809 1105 2051 1154 dimissam
2072 1105 2198 1155 ciam
2217 1108 2441 1167 relegere.
2509 1105 2672 1153 Euius·

478 1187 589 1222 nero
606 1171 1083 1236 sapitas-egerim
1103 1172 1246 1220 nubes
1254 1171 1451 1236 findens
1462 1185 1549 1234 per
1563 1173 1731 1219 sudum
1751 1170 2019 1219 intonantes
2035 1185 2176 1234 equos
2196 1185 2253 1220 nc
2267 1172 2468 1220 velocem
2481 1184 2672 1219 curru-s

1604 1305 1755 1326 nne

479 1403 719 1465 anl,Ad
757 1419 807 1453 se
834 1405 1003 1469 ipsam
1036 1405 1097 1453 de
1133 1404 1232 1453 Dei
1262 1406 1479 1468 potentia
1502 1409 1550 1453 et
1574 1403 1918 1454 Furtum.-5
1954 1403 2074 1453 Nic.
2115 1403 2361 1453 Heinsius
2406 1402 2469 1451 ad
2510 1399 2669 1450 ovid.

482 1468 615 1518 Met.
640 1481 764 1518 vm.
790 1472 900 1518 178.
934 1468 1058 1518 etin
1082 1467 1303 1518 Advers.
1328 1469 1417 1517 lib.
1447 1481 1507 1516 ιι.
1531 1482 1647 1531 cap.
1670 1474 1719 1519 4.
1742 1484 1791 1526 p.
1817 1471 1933 1517 236.
1968 1468 2172 1517 emend.
2193 1473 2335 1530 atque
2355 1468 2532 1516 iterare
2564 1479 2670 1515 cur-

478 1545 559 1581 sus
580 1532 736 1594 Cogor
756 1534 972 1594 retectos,
1005 1539 1057 1581 et
1090 1532 1166 1581 sic
1203 1531 1374 1581 Bentl.
1407 1534 1595 1581 Sanad.
1620 1539 1675 1582 et
1709 1531 1872 1581 Kidd.
1898 1531 2155 1595 probante
2180 1531 2445 1591 Gesnero;
2479 1531 2672 1593 impro-

482 1596 870 1674 bantibus-vero
894 1598 1110 1645 Baxter.
1144 1595 1287 1656 Jani,
1311 1604 1366 1644 et
1390 1597 1661 1645 Klotz—6
1694 1598 1710 1624 ⁸
1735 1596 1848 1658 [gni
1881 1610 2073 1644 corusco
2109 1596 2271 1672 nunilo
2305 1593 2537 1651 dividens,
2571 1593 2673 1656 ple-

478 1661 856 1774 m?“5.:¹.·:‡·.¹¹
894 1661 1238 1774 ..35¹22's5223·
1268 1659 2284 1797 gfff-idAssggssg,„fflssgssbgnffmffss
2303 1659 2671 1784 ἒὶἰῗῖῑέἷῖἷῖἱ·

476 1787 695 1837 dividens
716 1789 1015 1853 Plerumque,
1050 1802 1136 1851 per
1167 1803 1217 1851 p.
1249 1789 1330 1851 &m
1367 1788 1536 1851 Bang.
1569 1788 1724 1838 Ohss.
1749 1788 1935 1838 Philol.
1976 1789 2076 1837 vol.
2106 1803 2171 1837 ιι.
2197 1804 2249 1853 p.
2272 1793 2419 1837 1435.
2452 1785 2667 1836 Creech.

1458 1916 1672 1968 NOTAE

477 2011 628 2075 dique
660 2012 897 2078 congerit
938 2019 993 2062 et
1030 2013 1256 2063 cumulat
1285 2012 1533 2079 quicquid
1679 2015 1823 2063 Nune
1843 2017 2099 2062 retr-orm
2121 2011 2237 2062 Vela
2256 2010 2394 2074 dare]
2430 2010 2675 2076 Metaph.

476 2088 747 2150 gravitatis
786 2101 900 2137 esse
945 2094 1119 2149 potest
1158 2088 1209 2136 in
1249 2088 1437 2150 verbis,
1480 2089 1532 2138 in
1615 2091 2013 2153 annunti-,quia
2037 2096 2179 2138 recto
2193 2103 2249 2137 se
2271 2088 2538 2138 aberrasse
2553 2102 2670 2137 cnr-

473 2162 673 2228 figuris,
694 2165 745 2212 in
769 2163 1059 2212 sententiis.
1124 2164 1226 2212 Eas
1246 2163 1433 2228 passim
1457 2171 1533 2213 at·

475 2239 650 2295 tende,
676 2239 856 2293 lector.
880 2245 936 2286 et
961 2246 1286 2287 consectare.

539 2319 571 2363 2
607 2314 899 2364 [munientis
934 2312 1203 2377 apiaria]
1252 2310 1530 2376 Ὀξῦμωρον.

474 2391 560 2441 Sic
583 2390 633 2440 in
669 2390 833 2455 Ajace
860 2389 1138 2454 Sophocles
1162 2390 1343 2452 ἐχθρῶν
1373 2388 1529 2453 ἄδωρα

474 2471 610 2533 δῶρα.
665 2471 720 2519 S.
755 2470 973 2531 Gregor.
1006 2469 1320 2519 Nazianzen.
1352 2468 1534 2532 ἄσοφοι

474 2544 637 2607 σοφία.
701 2545 839 2594 Tull.
886 2545 1076 2608 Philip.
1111 2558 1152 2595 1.
1193 2546 1532 2609 ‘insepultam

472 2620 825 2682 sepulturam.'
892 2622 944 2669 S.
970 2620 1107 2682 Aug.
1149 2620 1215 2669 de
1240 2622 1394 2670 Civit.
1430 2621 1531 2672 Dei

476 2708 617 2744 xvir.
640 2698 717 2744 13.
756 2696 1096 2757 ‘insipienter
1118 2695 1339 2758 sapere!

474 2859 564 2894 nes
607 2857 859 2906 spernens
894 2845 1166 2907 religiones
1212 2845 1262 2893 in
1296 2847 1533 2906 gravissi·

474 2933 611 2967 mum
635 2932 859 2968 errorem
882 2919 1091 2982 impegi.
1159 2919 1267 2971 Cic.
1305 2921 1371 2970 de
1402 2923 1530 2972 Nat.

474 2996 635 3045 Deor.
679 3010 719 3045 ι.
758 2999 870 3045 122.
903 2997 1196 3059 ‘Epicurus
1240 3012 1304 3046 ex
1349 2998 1530 3047 animis

472 3070 729 3120 hominnm
766 3072 996 3121 extraxit
1041 3072 1287 3122 radicitus
1327 3075 1531 3138 religio·

472 3159 611 3210 nem,
630 3160 746 3195 cnm
771 3146 887 3197 Diis
906 3147 1277 3197 immortalibus
1300 3156 1355 3199 et
1378 3163 1529 3213 opem

472 3228 527 3269 et
566 3222 785 3283 gratiam
810 3224 1035 3273 sustulit.
1057 3224 1293 3273 ...Tollit
1319 3224 1370 3273 id
1392 3226 1529 3289 quod

472 3295 695 3344 maxime
741 3298 1001 3360 proprium
1041 3305 1121 3346 est
1153 3301 1361 3362 optimae
1398 3314 1532 3363 prae·

472 3370 904 3434 stantissimaeque
939 3381 1158 3424 nature.
1225 3374 1362 3425 Quid
1394 3376 1529 3424 enim

474 3446 671 3507 melius,
710 3453 797 3494 snt
822 3446 941 3508 quid
968 3449 1301 3509 praestantius
1330 3449 1530 3499 bonita-

473 3528 527 3570 te
561 3528 617 3571 et
649 3518 1029 3570 beneficentia?
1065 3536 1164 3585 qus
1202 3536 1317 3571 cnm
1349 3537 1529 3572 carere

472 3599 645 3647 Deum
675 3597 854 3647 vultis.
868 3631 881 3647 .
896 3630 930 3657 .,
953 3597 1206 3647 neminem
1223 3596 1288 3646 ab
1306 3611 1369 3647 eo
1390 3613 1529 3648 ama-

472 3675 536 3737 ri,
579 3676 833 3725 neminem
879 3674 1023 3738 diligi
1061 3673 1526 3727 vultis...Quanto

470 3750 633 3799 Stoici
669 3749 868 3807 meiius,
894 3752 983 3815 qni
1007 3766 1038 3801 s
1068 3752 1214 3802 vobis
1247 3752 1525 3814 reprelien-

472 3824 663 3874 duntur
681 3825 720 3873 ?’
765 3826 837 3876 Et
866 3840 916 3875 n.
940 3829 1050 3877 12⁴.
1087 3826 1189 3877 ‘At
1220 3829 1375 3878 etism
1400 3829 1525 3892 Epi·

470 3901 581 3948 curi
606 3900 735 3950 liber
751 3908 835 3950 est
857 3900 923 3948 de
944 3902 1239 3951 sanctitate.
1282 3903 1526 3953 Ludimur

470 3976 535 4023 ab
559 3977 763 4025 homine
787 3990 888 4024 non
931 3984 1032 4025 tam
1063 3975 1256 4036 faceto,
1283 3994 1433 4041 quam
1459 3980 1523 4028 ad

469 4052 731 4101 scribendi
744 4052 1004 4102 licentiam
1024 4053 1205 4104 libero.
1241 4055 1372 4105 Quae
1391 4057 1526 4105 enim

469 4127 741 4253 znctitss,
761 4127 806 4177 si
822 4127 908 4178 Dii
926 4128 1150 4179 humana
1169 4142 1272 4180 non
1295 4139 1480 4181 curant
1493 4130 1530 4181 θ’

520 4213 568 4251 c.

1612 2181 1672 2215 su
1713 2165 2083 2227 intelligentes,
2124 2165 2178 2213 in
2217 2164 2531 2214 contrarium
2557 2164 2672 2227 jans

1612 2247 2004 2290 convertuntur.

1676 2321 1706 2365 4
1743 2317 1928 2365 Iter-are
1950 2329 2114 2364 cursus
2139 2315 2297 2375 Cogor
2330 2313 2537 2375 relictos,
2560 2312 2669 2376 εἷα]

1612 2391 1783 2443 Fateri
1808 2405 1966 2456 cogor
1987 2391 2122 2441 hunc
2147 2406 2178 2440 a
2201 2391 2313 2443 Diis
2338 2389 2514 2439 orbem
2538 2389 2670 2452 regi,

1612 2484 1793 2534 resque
1813 2470 2060 2518 humanas
2092 2469 2157 2518 ab
2185 2469 2248 2517 iis
2271 2471 2441 2519 curari
2465 2485 2478 2516 ε
2516 2468 2671 2519 adeo-

1612 2560 1711 2610 que
1752 2546 1977 2594 Stoicam
2011 2544 2337 2608 disciplinam
2380 2545 2672 2609 amplexus,

1614 2621 1825 2684 Epicuri
1849 2620 2094 2683 dogmata
2125 2634 2429 2684 erroresque
2461 2619 2669 2684 abjicio.

1618 2695 1852 2759 Namque
1882 2695 2035 2744 video
2074 2709 2172 2744 non
2202 2695 2364 2745 solnm
2396 2697 2591 2745 coactis
2613 2703 2671 2746 et

1613 2771 1801 2820 collisis
1846 2771 2062 2820 nubibus
2106 2769 2314 2834 fulgura
2350 2777 2406 2821 et
2442 2773 2673 2821 tonitrua

1611 2845 1742 2907 fieri,
1760 2846 1850 2894 sed
1875 2860 2003 2908 puro
2023 2846 2179 2895 etiam
2198 2846 2362 2907 coelo;
2392 2846 2527 2911 qnod
2550 2860 2668 2897 curn

1612 2931 1805 2986 preter
1848 2928 2085 2971 naturam
2141 2921 2232 2981 sit,
2280 2920 2507 2969 divinum
2556 2936 2670 2972 esse

1611 3004 1849 3060 oportet:
1884 2996 2007 3045 hinc
2045 3010 2169 3060 ergo
2200 2996 2485 3059 sapientior
2510 2994 2667 3047 effec-

1612 3079 1694 3121 tus
1719 3071 1864 3123 Jovis
1888 3071 2195 3134 potentiam,
2211 3084 2418 3126 numen,
2439 3072 2667 3136 iramque

1609 3149 1837 3199 revereri
1852 3148 2013 3197 disco.
2047 3146 2183 3197 Vide
2207 3146 2316 3196 Cic.
2340 3146 2407 3195 de
2429 3148 2669 3197 Divinat-

1609 3238 1672 3275 ιι.
1695 3240 1746 3276 n.
1770 3229 1850 3274 43.
1877 3232 1933 3273 et
1951 3227 2032 3272 44.
2070 3223 2282 3273 Lucret.
2298 3221 2394 3271 lib.
2414 3236 2489 3271 vr.
2511 3223 2667 3287 paulo

1613 3309 1727 3364 post
1753 3301 1970 3358 initium,
1990 3302 2087 3348 &c.

1675 3381 1704 3423 5
1731 3372 1999 3437 Diespiter]
2022 3371 2055 3422 J
2063 3372 2250 3436 upiter.
2269 3372 2368 3422 diei
2391 3380 2538 3435 pater
2561 3370 2669 3422 dic·

1612 3457 1711 3498 tus.
1745 3450 1914 3496 Varro
1939 3446 2003 3495 de
2027 3446 2172 3509 Ling.
2199 3448 2313 3496 Lat.
2340 3460 2420 3495 ιν.
2443 3445 2509 3495 Α.
2530 3446 2669 3496 Geli.

1612 3539 1660 3573 v.
1684 3528 1758 3574 12.
1793 3522 2030 3572 Macrob.
2049 3522 2256 3571 Saturn.
2280 3536 2320 3572 ι.
2347 3527 2426 3571 15.
2452 3523 2666 3572 ‘Jovem

1609 3602 1741 3650 lucis
1766 3588 2028 3649 auctorem
2068 3600 2381 3662 accipiamus
2401 3615 2418 3648 z
2454 3599 2588 3648 unde
2612 3606 2669 3648 et

1609 3676 1880 3728 Lucetium
1901 3674 2026 3725 Salii
2044 3675 2094 3723 in
2115 3674 2426 3725 carminibus
2443 3682 2665 3728 canunt:

1605 3760 1660 3800 et
1684 3753 1963 3801 Cretenses
1995 3748 2090 3799 Δία
2121 3749 2211 3807 τὴν
2231 3748 2408 3814 ἡμέραν
2442 3754 2664 3803 vocanti

1605 3828 1799 3891 ipsique
1816 3826 2028 3874 Romani
2043 3825 2365 3888 Diespitrem
2383 3826 2666 3890 appellant,

1607 3911 1662 3952 ut
1686 3903 1789 3951 diei
1813 3899 2050 3964 patrem.'

1670 3982 1702 4026 6
1737 3977 1853 4038 [gni
1882 3991 2068 4025 corusco
2104 3975 2265 4025 nubila
2283 3976 2518 4040 dividens]
2551 3977 2664 4027 Cic.

1608 4054 1674 4104 de
1698 4055 1876 4104 Divin.
1900 4055 1992 4104 cit.
2018 4054 2107 4105 lib.
2126 4068 2192 4105 ιι.
2223 4056 2239 4083 ‘
2261 4056 2447 4105 Nonne
2465 4054 2663 4119 perspi-

1608 4144 1761 4180 cuum
1800 4136 1898 4193 est,
1935 4144 2000 4179 ex
2035 4130 2200 4194 prims
2219 4129 2476 4180 hominnm
2501 4131 2664 4179 adrni-
2689 4188 2708 4197 ·

1607 4204 1831 4270 ratione,
1851 4204 1991 4270 quod
2013 4206 2240 4256 tonitrus
2264 4205 2542 4272 ,iactusque
2562 4203 2664 4258 ful-
