3050 4875
462 359 506 422 6
1304 375 1364 426 s.
1414 376 1490 424 M.
1540 375 1866 425 casuum

460 522 628 586 forte
674 519 1079 583 morosulum
1128 526 1447 585 senectus
1484 519 1760 596 fecerat,
1787 518 1957 584 forte
1998 538 2086 583 ne
2123 513 2490 585 destinarat
2515 520 2659 604 qui-

461 623 611 688 dem
644 622 826 707 typis
858 622 1102 698 omnia,
1133 642 1284 707 quoe
1310 623 1610 687 illuserat
1636 623 2052 705 marginibus
2080 623 2231 688 libri
2262 625 2390 687 sui.

551 725 726 804 Quae
767 745 924 790 cum
953 726 1054 790 ita
1082 725 1232 802 sint,
1262 726 1677 791 Baxteriana
1716 725 2137 808 exemplaria
2181 724 2444 790 Horatii
2484 743 2664 790 com*-
2745 747 2754 752 ·

462 828 775 902 mendare
806 827 1107 891 solebam
1145 827 1537 911 junioribus
1580 829 1850 909 amicis3
1895 833 1964 891 et
2002 845 2347 911 nunquam
2378 827 2551 894 sorte
2580 829 2664 893 de

465 931 726 996 edendo
776 928 1064 995 Horatio
1110 930 1513 1012 cogitaturus
1565 932 1716 1012 ipse
1758 930 2035 1010 fueram,
2064 929 2330 995 illorum
2369 931 2430 994 si
2465 931 2666 1015 copia

464 1033 605 1097 fieri
635 1029 963 1096 studiosis
996 1032 1065 1095 in
1092 1031 1463 1097 Germania
1492 1034 1855 1116 potuisset.
1900 1032 2034 1098 Sed
2060 1051 2214 1097 cum
2246 1034 2462 1097 visum
2487 1040 2669 1100 esset

461 1137 704 1201 librum
753 1137 853 1200 ita
892 1135 1148 1212 utilem,
1190 1136 1289 1199 ita
1333 1136 1776 1214 commodum,
1807 1135 2179 1219 parabilem
2210 1136 2417 1201 etiam
2444 1135 2668 1202 facere

466 1239 742 1315 nostris,
771 1237 1086 1301 nolebam
1116 1236 1304 1301 illum
1338 1238 1483 1302 sine
1512 1238 1669 1303 dote
1700 1237 1930 1322 aliqua
1964 1256 2007 1303 a
2044 1256 2153 1302 me
2182 1237 2533 1314 dimittere,
2560 1236 2667 1301 id-

468 1360 600 1425 que
651 1360 737 1405 eo
786 1341 1005 1404 minus
1056 1359 1210 1404 cum
1253 1348 1502 1424 praeter
1553 1359 1655 1415 ea,
1686 1359 1842 1425 quae
1879 1340 2324 1425 quadraginta
2372 1338 2667 1421 amplius

467 1461 791 1507 annorum
838 1462 993 1508 cum
1028 1443 1295 1509 'Flacco
1339 1445 1772 1523 familiaritas,
1818 1448 1886 1508 et
1926 1464 2097 1509 usus
2151 1442 2395 1527 aliquis
2436 1459 2666 1507 earum

410 1553 429 1561 ’
465 1562 705 1623 rerum,
755 1546 1003 1629 quibus
1045 1546 1154 1610 hic
1200 1565 1376 1629 opus
1424 1554 1558 1624 est,
1603 1545 1944 1630 subjicere
1993 1549 2323 1628 poterant,
2367 1543 2570 1608 etiam
2623 1561 2669 1607 a

434 1644 729 1738 ‘fortuna
776 1646 1160 1713 offerrentur
1206 1647 1516 1731 quaedam
1560 1647 1875 1712 ornandae
1931 1646 2275 1711 Editionis
2326 1644 2668 1728 praesidia.

469 1747 698 1826 Quare
742 1750 944 1815 statui
993 1751 1206 1816 tribus
1258 1751 1395 1816 illis
1439 1751 1814 1833 generibus,
1849 1767 2006 1834 quae
2048 1748 2119 1810 in
2162 1739 2320 1831 ipso
2363 1747 2668 1828 ingressu

470 1854 1006 1931 commemoravi,
1059 1872 1321 1936 augere,
1379 1873 1502 1939 pro
1554 1853 1871 1939 praesenti
1927 1852 2133 1935 copia
2191 1855 2260 1914 et
2304 1849 2670 1926 voluntate,

470 1950 751 2015 Baxteri
782 1951 1185 2018 Editionem.

554 2051 663 2118 Ac
691 2054 909 2137 primo
941 2054 1212 2138 quidem
1241 2075 1376 2120 non
1419 2060 1559 2120 tam
1602 2055 1730 2119 hoc
1774 2056 1908 2138 egi,
1943 2059 2018 2119 ut
2063 2053 2486 2118 emendarem
2519 2051 2668 2117 Ho-

467 2155 731 2234 ratium,
758 2157 938 2240 quod
987 2176 1229 2221 munus
1260 2155 1630 2233 cumulate,
1682 2163 1752 2221 et
1792 2158 1974 2221 forte
2021 2155 2199 2240 plus,
2241 2174 2444 2238 quam
2489 2174 2667 2238 opus

468 2263 634 2334 erat,
691 2257 793 2321 illi
844 2260 1218 2340 praestitum
1274 2259 1597 2339 arbitron
1663 2277 1869 2343 quam
1914 2264 1992 2323 ut
2044 2258 2130 2322 ab
2181 2258 2668 2341 intempestivis

466 2357 1067 2440 emendationibus,
1112 2361 1182 2427 h.
1231 2381 1292 2426 e.
1343 2360 1892 2446 corruptionibus
1943 2360 2136 2426 illum
2183 2367 2422 2437 tuerer,
2473 2368 2545 2423 et
2596 2358 2670 2424 in

469 2464 715 2526 statum
743 2462 928 2526 velut
954 2482 1149 2528 suum
1181 2482 1565 2528 assererem.

555 2560 712 2639 Quo
767 2565 987 2648 plures
1035 2566 1324 2632 lectores
1379 2572 1452 2629 et
1493 2564 1836 2629 studiosos
1883 2563 2126 2629 habuit
2173 2562 2532 2640 Horatius,
2581 2580 2667 2626 eo

467 2665 689 2750 plures
718 2667 818 2731 illi
847 2669 1050 2733 etiam
1094 2686 1330 2731 manus
1373 2665 1726 2731 admovere
1766 2665 2163 2731 emendandi
2195 2682 2403 2729 causa
2446 2665 2670 2729 conati

469 2775 649 2846 sunt,
689 2788 820 2832 non
865 2789 1067 2853 aequo
1117 2788 1462 2846 successu,
1505 2769 1821 2834 dissimili
1863 2768 2169 2833 nimirum
2221 2767 2357 2851 ipsi
2402 2769 2669 2850 ingenio

469 2869 930 2954 doctrinaque.
1019 2872 1364 2953 Ingeniosi
1408 2880 1480 2937 et
1522 2872 1766 2937 eruditi
1804 2871 1936 2957 'viri
1989 2870 2118 2935 sibi
2164 2870 2579 2955 placuerunt,
2608 2871 2667 2934 si

471 2972 631 3055 quid
661 2974 1065 3058 exsculpere
1106 2981 1388 3056 possent
1430 2975 1762 3057 elegantia
1797 2972 2092 3050 Horatii,
2125 2977 2197 3037 ut
2226 2972 2359 3055 ipsi
2389 2972 2670 3037 arbitra-

471 3074 725 3152 bantur,
753 3076 1060 3159 dignius:
1112 3077 1234 3140 sed
1283 3078 1570 3160 primum
1614 3075 1777 3140 illud
1828 3077 2054 3159 ipsum
2091 3075 2441 3160 judicium,
2479 3073 2668 3152 Quid

468 3178 558 3242 sit
585 3178 655 3241 in
686 3180 1007 3262 scriptore
1046 3198 1256 3262 prope
1289 3180 1394 3243 bis
1436 3179 1622 3243 mille
1668 3196 1987 3242 annorum
2035 3177 2442 3259 elegantius3
2497 3176 2669 3241 diffi-

474 3278 602 3343 cile
631 3288 737 3343 est
764 3281 956 3345 etita
985 3280 1211 3345 multis
1241 3299 1426 3364 saepe
1469 3280 1846 3344 rationibus
1889 3279 2289 3356 involutum,
2318 3284 2393 3344 ut
2429 3280 2668 3344 merito

469 3382 599 3446 hoc
632 3383 920 3445 maxime
964 3383 1034 3445 in
1077 3400 1313 3464 genere
1343 3401 1478 3465 quo
1506 3382 1660 3467 quis
1703 3387 1810 3445 est
1851 3380 2132 3458 doctior,
2161 3385 2346 3446 tanto
2389 3382 2667 3466 majoris

469 3485 819 3551 modestiae
851 3504 1097 3549 causas
1125 3483 1386 3550 habeat.
1509 3503 1558 3537 0⁰0

561 3587 649 3652 Et
700 3586 762 3651 si
811 3585 1047 3651 demus
1090 3585 1256 3650 viris
1299 3585 1549 3662 doctis,
1578 3583 1793 3671 (quod
1840 3603 1992 3649 cum
2037 3586 2399 3649 universim
2444 3591 2670 3669 negari

472 3694 744 3772 propter
768 3688 1075 3755 bumanae
1117 3694 1372 3754 naturae
1398 3697 1469 3753 et
1493 3689 1589 3753 rei
1615 3688 1834 3772 ipsius
1867 3687 2313 3752 conditionem
2341 3708 2473 3753 non
2507 3706 2670 3772 pos-

443 3792 582 3868 sit,
611 3797 827 3855 tamen
855 3793 923 3855 in
950 3791 1078 3856 hoc
1111 3791 1218 3855 vel
1248 3791 1364 3857 illo
1400 3791 1557 3856 loco
1588 3796 1852 3874 propter
1879 3809 2153 3854 causam
2186 3789 2390 3854 modo
2420 3791 2669 3857 indica-

473 3902 608 3960 tam
649 3896 928 3959 concedi
973 3895 1091 3959 vix
1136 3912 1218 3957 ac
1251 3916 1333 3958 no
1377 3895 1488 3957 vix
1532 3893 1803 3977 quidem
1849 3889 2137 3978 potest,)
2179 3894 2370 3978 ipsos
2416 3894 2668 3976 aliquid

471 3995 811 4060 invenisse
843 4004 1122 4080 accepta
1155 3996 1463 4061 Lectione
1492 3995 1756 4072 meliuS,
1787 3995 2169 4079 pulchrius3
2199 4015 2284 4059 an
2313 3993 2471 4060 ideo
2501 3996 2668 4060 illud

474 4098 705 4182 potius
735 4099 1085 4182 scripsisse
1126 4097 1510 4173 Horatium,
1541 4099 1920 4163 confectum
1950 4099 2103 4163 est?
2167 4096 2477 4163 Licuitne
2518 4097 2672 4164 dor-

476 4201 734 4279 mitare,
765 4201 1156 4266 hallucinari
1185 4200 1382 4265 etiam
1415 4200 1711 4266 Horatio
1732 4201 1762 4263 2
