3050 4875
552 398 641 465 28
1479 417 1577 466 οι
1625 417 1802 466 vri-A

763 558 852 624 U.
884 558 965 625 C.
992 560 1141 625 719.
1232 558 1310 622 L.
1337 551 1755 624 Cornificius.
1844 559 2001 625 Sex.
2031 558 2399 641 Pompeius
2427 557 2518 621 ffl.

1224 660 1315 725 A.
1345 659 1422 725 c.
1449 660 1560 726 35.
1650 660 1939 726 Horatii.
1968 667 2071 745 ³1³}-

645 778 896 843 Sextus
951 777 1319 862 Pompeius
1378 778 1601 845 Mileti
1658 780 2039 845 trucidatur.
2128 777 2477 844 Phraatem
2534 795 2734 859 regno

559 879 814 963 pellunt
840 879 1021 943 cives
1051 879 1179 957 sui,
1211 884 1280 944 et
1296 879 1601 946 Teridati
1623 878 1787 946 illud
1815 880 2178 946 conferunt.

677 1038 764 1103 U.
795 1038 872 1104 C.
899 1040 1049 1105 722.
1142 1039 1266 1104 Cn.
1299 1039 1641 1104 Domitius
1667 1037 2174 1105 Ahenobarbus.
2262 1039 2341 1106 C
2370 1039 2627 1106 Sosius.

1248 1137 1339 1206 A.
1369 1139 1447 1204 C.
1474 1140 1583 1205 32.
1657 1140 1930 1205 Horatii
1956 1146 2066 1224 Η.

649 1256 761 1321 Ad
790 1257 1036 1324 bellum
1082 1257 1567 1321 atrocissimum
1610 1262 1916 1339 spectant
1957 1256 2322 1322 inimicitia)
2354 1256 2644 1322 Caesaris
2672 1263 2743 1320 et

563 1358 856 1424 Antonii.
942 1358 1177 1440 Magni
1203 1358 1533 1441 utrimque
1562 1363 1949 1440 apparatus.
2039 1356 2197 1422 Huc
2223 1362 2532 1441 spectare
2558 1357 2743 1447 vide-

564 1468 672 1525 tur
702 1459 917 1543 Epod.
950 1476 1085 1524 vn.
1116 1464 1189 1522 et
1215 1473 1378 1522 xvi.
1465 1458 1763 1522 Plancus
1806 1455 1894 1522 ad
1939 1456 2272 1528 Gaesarem
2314 1458 2402 1521 ab
2440 1456 2740 1522 Antonio

564 1559 935 1643 transfugit,
966 1559 1053 1625 ad
1084 1579 1283 1643 quem
1312 1563 1419 1624 est
1446 1575 1496 1622 1.
1526 1557 1657 1624 Od.
1685 1560 1749 1624 7.

470 1771 483 1778 ·
567 1757 655 1822 U.
686 1757 764 1823 G.
793 1759 944 1826 723.
1012 1757 1090 1823 C.
1124 1758 1357 1827 Gaesar
1400 1761 1816 1827 Octavianus
1848 1777 1961 1824 ιιι.
2026 1759 2126 1823 Μ.
2156 1757 2389 1823 Valer.
2422 1755 2741 1822 Messala.

1249 1858 1335 1925 A.
1364 1860 1442 1925 c.
1468 1860 1577 1925 31.
1666 1861 1943 1926 Horatii
1968 1863 2078 1947 ἢ.

651 1974 1005 2042 Maecenati
1034 1976 1121 2041 ad
1147 1974 1504 2043 Actiacum
1534 1978 1788 2043 bellum
1811 1997 1963 2042 cum
1992 1976 2288 2060 Augusto
2315 1975 2489 2039 ituro
2518 1991 2747 2039 eomes

565 2096 721 2140 esse
765 2076 914 2141 vult
957 2077 1305 2143 Horatius.
1394 2078 1576 2143 Hinc
1622 2078 1842 2162 Epod.
1890 2095 1936 2144 1.
1980 2084 2274 2156 enatum,
2312 2077 2439 2140 sub
2483 2076 2743 2139 initium

565 2178 739 2242 anni.
806 2178 942 2243 Sed
968 2198 1105 2243 non
1136 2182 1370 2244 annuit
1401 2178 1773 2246 MaecenaS.
1843 2179 2201 2245 Praecessit
2222 2178 2427 2241 etiam
2454 2193 2746 2260 pugnarn

558 2276 925 2364 ·Actiacarn
955 2278 1177 2363 Epod.
1213 2296 1322 2345 ιΧ.
1394 2279 1606 2345 Facta
1648 2289 1754 2345 est
1798 2300 1882 2345 ea
1919 2299 2142 2364 pugna
2185 2278 2273 2344 ad
2317 2278 2386 2342 d.
2418 2293 2521 2342 nr.
2566 2274 2748 2348 Non.

568 2378 749 2463 Sept.
818 2379 916 2444 Μ.
945 2378 1278 2446 Antonius
1298 2382 1367 2446 in
1400 2379 1767 2466 AEgyptum
1796 2380 1986 2463 fugit.
2059 2380 2229 2447 Post
2256 2378 2438 2444 illam
2471 2380 2751 2442 exarata

569 2496 653 2546 11.
683 2480 825 2546 Sat.
853 2481 917 2547 6.
949 2499 1102 2545 nam
1143 2482 1488 2547 dimiserat
1534 2482 1948 2547 Octavianus
1985 2489 2331 2546 veteranos
2361 2479 2429 2543 in
2460 2477 2749 2555 Italiam,

563 2600 693 2646 nec
709 2581 871 2646 dum
891 2580 1026 2646 illis
1047 2581 1407 2667 quicquam
1429 2581 1705 2648 dederat
1719 2581 1858 2669 (vs.
1873 2580 2050 2663 5503
2074 2583 2210 2649 vid.
2237 2582 2371 2647 Dio
2399 2596 2494 2644 m.
2512 2600 2581 2663 p.
2595 2579 2749 2643 444.

522 2710 529 2715 ·
567 2680 668 2746 At
719 2684 946 2747 statim
1006 2686 1311 2767 sequenti
1368 2704 1544 2749 anno
1595 2686 1733 2749 illis
1777 2684 2253 2765 rebellantibus
2310 2681 2635 2766 pecunias
2683 2685 2751 2745 et

568 2802 763 2865 agros
809 2783 1033 2862 dedit;
1080 2774 1362 2849 Dio'm.
1409 2807 1478 2870 p.
1529 2787 1681 2851 445.
1767 2785 1980 2869 Igitur
2021 2804 2108 2850 ex
2153 2783 2458 2868 ejusdem
2504 2780 2770 2845 Satiraef

569 2901 670 2947 vs.
697 2883 805 2947 40.
835 2903 981 2968 sqq.
1011 2886 1410 2968 principium
1441 2887 1757 2953 amicitiae
1786 2887 1956 2952 inter
1975 2885 2405 2951 Maecenatem
2431 2891 2502 2949 et
2528 2884 2751 2952 Hora-

568 2983 737 3047 tium
765 2983 838 3046 in
866 3002 929 3046 a.
952 2983 1372 3067 ⁷16..figitur.

572 3138 661 3207 U.
693 3139 771 3207 C.
799 3141 953 3208 724.
1036 3141 1273 3209 Caesar
1316 3142 1729 3211 Octavianus
1777 3161 1882 3207 lv.
1969 3145 2066 3209 M.
2096 3145 2396 3212 Licinius
2441 3146 2750 3214 Crassus.

556 3258 563 3265 ·
1249 3244 1338 3309 Α.
1368 3244 1449 3312 C.
1477 3247 1587 3311 30.
1676 3246 1947 3311 Horatii
1974 3250 2083 3330 ΔΗ.

655 3357 915 3436 Caesar,
954 3369 1108 3444 post
1152 3363 1350 3427 breve
1398 3364 1466 3427 in
1515 3364 1785 3430 Italiam
1814 3366 1965 3441 iter,
1995 3364 2358 3449 AEgyptnm
2386 3364 2455 3428 in
2484 3364 2752 3447 provin-

568 3459 751 3525 ciam
773 3459 1032 3541 redigit.
1101 3461 1200 3525 Μ.
1232 3461 1567 3528 Antonius
1595 3472 1667 3529 et
1695 3464 2056 3547 Cleopatra
2076 3484 2152 3529 se
2174 3466 2306 3549 ipsi
2329 3464 2754 3530 interficiunt.

572 3558 902 3625 Horatius
928 3561 1157 3627 scribit
1186 3579 1233 3626 1.
1264 3561 1395 3628 Od.
1417 3565 1526 3630 37.

660 3659 985 3725 Phraates
1027 3660 1099 3723 in
1153 3680 1418 3743 regnum
1472 3664 1875 3731 Parthorum
1924 3666 2319 3743 restituitur,
2365 3673 2438 3731 et
2486 3664 2755 3750 pellitur

570 3759 944 3837 Teridates‚
972 3762 1089 3843 qui
1115 3762 1181 3826 in
1210 3763 1474 3847 Syriam
1502 3765 1690 3848 fugit.
1723 3766 1861 3834 Dio
1897 3780 1992 3829 ιι.
2020 3765 2125 3830 18.
2211 3860 2222 3867 .

745 3927 831 3994 U.
863 3931 940 3997 C.
968 3933 1118 3998 725.
1189 3933 1420 4000 Gaesar
1446 3934 1863 4003 Octavianus
1891 3956 1959 4002 v.
2042 3940 2207 4007 Sex.
2234 3938 2583 4025 Apuleius·

1253 4034 1338 4099 A.
1368 4035 1446 4101 G.
1472 4037 1582 4102 29.
1670 4036 1944 4103 Horatii
1968 4042 2081 4124 «Η.

655 4148 881 4214 Janus
911 4149 1287 4233 clauditur3
1334 4153 1470 4219 Dio
1505 4171 1606 4218 ι.ι.
1631 4154 1740 4221 20.
1800 4153 2034 4221 Caesar
2057 4157 2129 4222 d.
2162 4173 2329 4222 vm.
2363 4174 2491 4221 νιι.
2515 4173 2618 4225 vt.
2650 4156 2760 4225 Id.
