3050 4875
538 388 670 456 840
1274 405 1340 468 Q·
1388 404 1707 454 noas-ru
1758 404 2024 454 nascer

889 551 1052 616 Dixi
1086 558 1578 616 sacramentum
1602 572 1618 614 ε
1661 550 1932 626 ibimuS,
1962 550 2238 627 ibimuS,
2653 547 2739 609 10

973 654 1354 738 Utcumque
1384 652 1759 736 praecede8‚
1791 671 2170 734 supremum

1056 754 1343 839 Carpere
1371 756 1500 819 iter
1530 756 1809 820 comites
1838 754 2114 837 parati..

886 856 1005 920 Me
1030 876 1149 920 nec
1179 855 1530 922 Chimaerae
1560 857 1834 941 spiritus
1864 856 2100 938 igneae,

888 959 1065 1035 Nec,
1095 958 1155 1021 si
1183 966 1487 1041 resurgat
1513 959 1928 1024 centimanus
1960 956 2215 1039 Gyges,

534 1119 693 1168 itiam.
762 1119 912 1169 Haud
935 1119 1121 1179 salsum
1142 1120 1325 1181 juras-i.
1395 1120 1654 1182 Per-gemus
1691 1133 1819 1175 unu,-
1855 1133 2034 1182 quoquo
2071 1119 2206 1166 modo
2236 1115 2457 1174 antestis,
2489 1129 2739 1177 pergemus

540 1184 757 1234 animum
798 1186 919 1233 inire
956 1186 1085 1234 vium
1121 1185 1331 1248 expediti
1362 1184 1495 1233 socii.
1567 1185 1733 1247 Neque
1763 1197 1837 1231 me
1865 1182 2101 1245 separabit
2364 1196 2394 1229 α
2422 1185 2470 1228 te
2498 1180 2738 1228 chimera

528 1247 757 1311 flammas
790 1248 995 1312 spir-aus,
1019 1264 1167 1312 neque
1193 1249 1433 1298 redivivus
1456 1249 1591 1313 Gyas
1609 1254 1792 1298 centum
1811 1262 1977 1296 manus
1998 1246 2184 1295 habens.
2250 1247 2332 1294 Itu
2360 1247 2596 1294 decretum
2620 1243 2737 1291 The-

1469 1392 1497 1411 0

1704 1391 1823 1411 M

539 1504 611 1537 ra
635 1488 775 1552 Lips.
796 1492 971 1537 1.-14
1010 1490 1181 1554 Gygas
1202 1489 1351 1540 Harl.
1373 1495 1419 1540 1.
1443 1495 1491 1540 2.
1514 1494 1563 1539 8.
1581 1495 1634 1541 4.
1657 1497 1706 1540 6.
1728 1494 1777 1539 6.
1811 1490 1827 1517 ⁸
1841 1491 1988 1551 gigas
2000 1489 2111 1552 jam
2134 1480 2320 1550 legisse
2348 1487 2591 1537 videntur
2612 1486 2734 1536 Aer.

542 1561 598 1602 et
619 1553 910 1604 comment.
930 1553 1087 1619 Cruq.
1110 1555 1435 1617 explicantes
1455 1573 1468 1603 z
1501 1557 1517 1583 ‘
1535 1554 1809 1604 Briareus:
1857 1556 1926 1604 Et
1948 1555 2022 1603 sic
2046 1554 2158 1618 (vel
2184 1552 2378 1617 Gyges)
2399 1567 2600 1601 stimmo
2618 1565 2736 1601 con·

543 1631 694 1665 seusu
718 1631 892 1666 ornnes
924 1617 1168 1681 Cruquii.
1204 1619 1378 1668 Pulm.
1412 1620 1654 1669 Torrent-
1691 1626 1748 1668 et
1781 1618 1953 1668 Bentl.
1994 1627 2102 1666 tres
2136 1618 2338 1666 Bersm.
2368 1617 2535 1680 Lipss.
2581 1617 2735 1665 Dess.

543 1680 768 1730 Helmst.
804 1682 959 1730 Fran.
980 1683 1197 1732 Venett.
1234 1684 1450 1733 Locher.
1482 1683 1607 1732 Aac.
1642 1683 1802 1746 Cruq.
1829 1683 1980 1732 Torr.
2005 1683 2155 1744 Rutg.
2189 1685 2288 1731 ὅτε.
2352 1682 2454 1730 Sed
2496 1688 2640 1729 recte
2664 1681 2737 1727 vi·

540 1745 732 1793 derunt
751 1745 844 1793 viri
868 1743 1031 1805 docti,
1055 1746 1104 1794 b.
1126 1746 1161 1795 Ι.
1184 1761 1369 1796 nomen
1394 1750 1659 1811 proprium
1683 1747 1856 1810 potius
1880 1746 2108 1809 posuisse
2136 1745 2415 1808 putandum
2443 1744 2734 1794 Horatium.

544 1809 711 1873 Gyges
733 1808 937 1872 quidam
976 1809 1158 1859 Lainb.
1193 1811 1278 1875 (et
1317 1811 1432 1874 ejus
1463 1810 1593 1861 edit.
1629 1810 1819 1873 prima)
1855 1812 1989 1860 Altt.
2029 1810 2282 1861 Priscian.
2318 1808 2408 1859 lib.
2436 1822 2513 1858 vt.
2552 1823 2602 1871 p.
2621 1811 2736 1857 718.

572 1887 857 1937 quanquam
882 1881 937 1924 et
959 1873 1032 1923 ibi
1050 1873 1255 1938 quidam
1277 1877 1401 1924 Mes.
1424 1874 1596 1938 gigas)
1628 1876 1819 1924 Venet.
1843 1878 1987 1924 159⁰.
2011 1875 2189 1923 Basili.
2210 1874 2361 1923 Fabr.
2383 1874 2558 1922 Bentt.
2577 1874 2733 1921 Baxt.

592 1950 702 1986 esn.
725 1947 778 1987 et
802 1937 934 1987 Sivr.
996 1939 1082 1987 Sic
1106 1952 1223 1988 eum
1250 1948 1440 1989 vocant
1472 1938 1629 2000 Ρύγην
1652 1939 1870 1988 Hesiod.
1891 1945 1950 1987 Θ.
1976 1944 2088 1990 lw-
2112 1943 2225 1989 618.
2244 1942 2359 1988 714.
2380 1941 2495 1987 734.
2561 1937 2734 1987 Schol-

537 1999 784 2064 Apollon.
804 2009 860 2050 et
885 2001 1102 2066 ,Ἐκ-1111.
1141 2003 1505 2067 Palaephatus,
1536 2004 1741 2053 Auctor
1765 2002 2108 2066 Etymologici
2145 2003 2196 2051 in
2227 2000 2585 2065 Τριτοτάτορες,
2613 2001 2737 2060 alii3

544 2065 717 2129 Gygen
738 2065 898 2117 ovid.
920 2066 1112 2116 Amat·
1137 2071 1186 2118 1.
1212 2070 1292 2116 12.
1327 2068 1465 2116 Fast·
1489 2082 1565 2118 tv.
1591 2072 1707 2117 598.
1738 2067 1895 2116 Trist.
1915 2081 1993 2116 tv.
2009 2072 2057 2116 7.
2079 2071 2158 2116 18.
2180 2067 2393 2131 (quibus
2414 2075 2586 2115 tamen
2609 2065 2735 2114 locis

539 2130 769 2178 nonnulli
793 2130 952 2179 etiam
969 2130 1220 2181 exhibent
1247 2131 1390 2193 Gias,
1418 2131 1616 2196 Gygae)
1636 2133 1825 2182 Senec.
1852 2131 2013 2180 Herc.
2037 2131 2148 2180 OEt.
2174 2135 2284 2180 167.
2322 2130 2440 2196 (ubi
2461 2131 2577 2179 cod.
2599 2131 2739 2179 Flor.

543 2190 738 2257 (ἔρξαι)
776 2191 974 2258 Hygia.
999 2192 1209 2258 praefat.
1276 2195 1377 2244 Sed
1403 2196 1540 2260 Gyas
1561 2197 1816 2260 posterior
1838 2196 1994 2244 lectio
2019 2196 2198 2244 Lamb.
2266 2195 2351 2243 Sic
2383 2196 2432 2243 in
2458 2201 2589 2243 antt.
2613 2193 2736 2243 libb.

537 2257 795 2320 reperisse
819 2273 874 2306 se
897 2258 973 2307 ait
995 2259 1192 2308 Mus-et.
1216 2259 1303 2323 qni
1330 2268 1384 2309 et
1416 2260 1469 2308 in
1496 2261 1553 2309 ll.
1590 2260 1807 2310 Hesiod.
1826 2258 2073 2323 quosdam
2108 2259 2239 2309 Mss.
2264 2258 2386 2316 Γύην
2409 2265 2632 2307 testatur
2651 2257 2740 2305 ba·

538 2319 699 2381 bere3
730 2323 879 2386 cujus
903 2331 1075 2372 autem
1098 2323 1362 2386 utriusque
1398 2324 1471 2373 rei
1513 2338 1671 2385 penes
1707 2322 1875 2385 ipsum
1914 2323 2078 2372 solum
2112 2322 2261 2373 fides.
2325 2322 2444 2371 vid.
2468 2323 2581 2386 ejus
2602 2336 2738 2370 varr.

536 2385 686 2435 lectt.
715 2398 786 2433 vr.
814 2390 893 2434 12.
959 2385 1200 2450 Apollod.
1223 2387 1361 2438 Bibl.
1391 2401 1468 2451 pr.
1492 2386 1618 2447 Γύην
1644 2387 1902 2450 appellat3
1939 2387 2075 2435 unde
2098 2394 2235 2437 esset
2260 2386 2411 2452 Gyas,
2431 2395 2487 2435 ut
2506 2387 2736 2446 Scaliger

539 2451 669 2507 vult,
693 2451 773 2498 vel
798 2465 862 2500 ex
884 2451 1072 2500 Dorica
1095 2452 1298 2501 ratione
1321 2452 1471 2516 Gyas.
1537 2453 1827 2502 Edideruut
1848 2461 1902 2501 et
1933 2453 2068 2515 Gyas
2089 2452 2310 2502 Laudin.
2331 2452 2516 2514 steph.
2550 2451 2729 2501 Heius.

537 2513 664 2564 Fab.
687 2515 817 2563 Cun.
846 2516 1048 2565 -Dacer.
1072 2517 1191 2565 San.
1217 2524 1274 2565 et
1294 2515 1478 2566 Jones.
1544 2516 1649 2566 Sed
1674 2525 1834 2566 recte
1855 2516 2042 2566 Heius.
2062 2516 2128 2564 ad
2164 2516 2323 2565 Ovid.
2350 2515 2467 2566 Am.
2500 2528 2561 2565 ιι.
2586 2521 2633 2566 1.
2658 2521 2737 2565 12.

534 2577 911 2642 Apollodorum
937 2579 1112 2643 potius
1132 2594 1196 2628 ex
1220 2582 1414 2629 ceteris
1436 2581 1853 2644 pluribus,quam
1878 2582 1972 2630 hos
1987 2596 2051 2629 ex
2074 2581 2162 2628 illo
2185 2595 2285 2629 uno
2299 2579 2559 2630 emendari
2582 2595 2734 2643 opor·

534 2650 647 2691 tere
662 2642 891 2705 judicat,
915 2651 969 2692 et
991 2642 1294 2694 Graecorum
1320 2643 1478 2709 igitur
1500 2646 1813 2696 auctoritate
1837 2643 2114 2694 dicendum
2141 2643 2328 2708 Gygen.
2364 2644 2464 2694 vid.
2484 2654 2539 2694 et
2557 2645 2732 2694 Bentl.
2793 2703 2800 2710 ·

1524 2773 1748 2824 NOTAE

537 2868 785 2918 devoveo.
849 2869 1035 2933 ltaque
1075 2868 1328 2919 Horatius
1366 2870 1595 2921 ostendit

537 2959 650 2993 csse
688 2959 743 2993 se
778 2959 844 2993 ex
878 2959 1054 2994 eorum
1079 2960 1309 3009 numero,
1333 2945 1419 3010 qui
1444 2945 1596 2994 Prin·

533 3023 741 3086 cipibus
762 3021 935 3071 devoti
958 3023 1373 3085 appellabantur.
1421 3022 1595 3073 Caesar

536 3097 603 3146 de
627 3097 756 3145 Bell.
780 3096 922 3147 Gall.
947 3110 1033 3145 ιιι.
1055 3100 1137 3146 23.
1168 3099 1185 3126 ‘
1204 3096 1321 3147 Alia
1345 3112 1409 3148 ex
1444 3107 1594 3162 parte

535 3174 717 3237 oppidi
765 3173 1158 3234 Adcantuanus,
1209 3175 1293 3239 qui
1346 3189 1608 3224 summam>

534 3246 750 3312 Imperii
791 3247 1024 3310 tenebat,
1062 3247 1383 3311 eruptionem
1422 3248 1595 3301 facere

535 3331 751 3375 conatus
789 3331 872 3373 est
912 3338 1028 3372 cum
1066 3323 1326 3373 sexcentis
1374 3322 1599 3387 devotis,

535 3417 665 3468 quos
704 3402 779 3451 illi
818 3398 1082 3450 Soldnrios
1121 3402 1415 3465 appellant;
1466 3417 1593 3466 quo-

534 3493 647 3530 rum
672 3479 783 3527 baec
805 3483 888 3526 est
909 3476 1160 3535 conditio,
1193 3482 1250 3524 ut
1283 3476 1516 3525 omnibus
1541 3479 1591 3526 in

533 3557 642 3605 vita
663 3551 942 3605 commodis
976 3567 1074 3601 nna
1098 3566 1214 3602 cum
1238 3551 1314 3600 liis
1335 3549 1597 3616 fruantur,

532 3645 749 3696 quorum
796 3643 852 3678 se
894 3627 1136 3676 amicitiae
1172 3624 1506 3689 dediderint3
1550 3628 1592 3676 si

535 3706 657 3770 quid
682 3706 757 3755 eis
783 3720 875 3768 per
901 3705 999 3752 vim
1024 3702 1245 3766 accidat,
1266 3708 1355 3752 aut
1372 3702 1595 3753 eundem

533 3797 711 3832 casum
752 3794 854 3828 uua
893 3777 1084 3838 ferant,
1118 3786 1207 3827 aut
1243 3778 1344 3827 sibi
1377 3785 1594 3829 mortem

532 3859 874 3910 consciscant.
943 3857 1127 3920 Neque
1151 3856 1317 3904 adbuc
1330 3855 1592 3906 bominum

529 3935 781 3985 memoria
803 3939 1043 3995 repertus
1066 3936 1148 3981 est
1180 3932 1469 3996 quisquam,
1504 3932 1594 3996 qui

533 4024 596 4059 eo
618 4008 923 4071 interfecto,
957 4006 1109 4070 cujus
1145 4021 1202 4055 se
1236 4007 1481 4057 amicitiae
1507 4006 1596 4056 de·

535 4085 785 4144 vovisset,
820 4083 947 4133 mori
983 4081 1288 4133 recusaret!
1353 4083 1462 4132 Dio
1500 4083 1594 4134 lib.

534 4153 658 4225 sm.
680 4175 873 4212 morem
899 4161 1052 4210 istum
1075 4157 1287 4209 fluxisse
1311 4159 1377 4210 ab
1403 4159 1594 4223 Hispa·

532 4236 616 4288 nis
634 4236 726 4302 ait,
739 4234 983 4302 favetque
998 4235 1302 4287 Sallustius:
1332 4242 1346 4265 ‘
1370 4234 1592 4298 Hispani

1675 2886 1729 2922 se
1767 2871 1976 2936 regibus
2007 2871 2288 2936 devovent,
2318 2879 2373 2922 et
2415 2878 2532 2935 post
2552 2885 2638 2920 eos
2662 2871 2735 2921 vi-

1675 2953 1780 2997 tam
1821 2946 2088 2997 refutant.⁹
2156 2948 2227 2998 Et
2267 2948 2385 2996 Val.
2416 2949 2555 2997 Max.
2596 2949 2734 2996 ιι.6.

1673 3025 1688 3051 ⁴
1707 3024 1960 3073 Celtiberi
1977 3022 2123 3073 nefas
2141 3039 2254 3074 esse
2269 3022 2532 3073 ducebant
2555 3022 2734 3085 praelio

1674 3113 1966 3163 superesse,
1989 3115 2105 3149 cnm
2139 3102 2182 3149 ls
2206 3099 2503 3159 occidisset,
2529 3113 2620 3161 pro
2643 3113 2734 3148 cu-

1664 3174 1755 3238 jus
1776 3175 1941 3224 salute
1961 3175 2203 3238 spiritum
2226 3173 2583 3224 devoverant!

1740 3253 1798 3298 11
1825 3248 2103 3313 Supremam
2131 3252 2339 3315 Carpere
2359 3250 2477 3315 iter]
2525 3249 2734 3299 Disces-

1670 3338 1781 3374 sum
1816 3339 1844 3373 e
1883 3326 1987 3374 vita
2028 3324 2125 3374 hac
2161 3325 2224 3373 ad
2262 3324 2454 3374 inferas
2499 3327 2733 3388 regiones

1673 3400 1957 3464 mortisque
1981 3399 2281 3463 Imperium.

1738 3477 1799 3524 13
1838 3476 1920 3523 Me
1954 3489 2038 3523 nec
2063 3473 2456 3538 chimeram]
2505 3475 2623 3525 Nou
2653 3472 2731 3523 di·

1674 3552 1835 3601 vellar
1874 3567 1971 3615 ego
2005 3569 2035 3601 a
2075 3563 2127 3603 te
2167 3554 2275 3603 ulla
2314 3569 2369 3603 re
2408 3556 2730 3620 quantumvis

1674 3628 1909 3677 terribili.
1961 3629 2043 3678 De
2067 3629 2325 3680 chimaera
2345 3645 2388 3680 ι.
2410 3632 2515 3683 Od.
2535 3635 2619 3680 27.
2642 3632 2731 3695 πῦρ

1672 3703 1903 3768 πνέουσα,
1945 3704 2106 3767 iguem
2135 3706 2343 3769 spirans,
2384 3707 2574 3765 dicitur
2611 3708 2733 3757 Piu-

1673 3778 1816 3827 daro.

1741 3860 1799 3904 14
1828 3856 1950 3916 Nec,
1980 3857 2024 3905 si
2060 3862 2298 3917 resurgat,
2335 3854 2442 3921 &ej
2493 3856 2661 3921 Epod.
2693 3872 2732 3907 1.

1672 3933 1688 3960 ⁸
1713 3932 1780 3981 Et
1806 3938 1856 3981 te
1883 3932 1963 3981 vel
1986 3946 2081 3996 per
2103 3931 2313 3996 Alpium
2324 3933 2473 3995 juga,
2493 3932 2732 3997 Inhospi-

1673 4009 1830 4057 talem
1865 4014 1920 4056 et
1957 4006 2266 4070 Caucasum,
2295 4008 2396 4057 Vel
2425 4007 2730 4058 Occidentis

1672 4097 1834 4148 usqua
1876 4082 1941 4132 ad
1981 4082 2218 4133 ultimum
2257 4083 2439 4147 sinum,
2473 4083 2618 4133 Porti
2654 4099 2730 4134 sc-

1674 4173 1887 4225 quemur
1909 4158 2158 4223 pectore!

1740 4234 2048 4285 cenum-u
2070 4235 2234 4302 Gyges
2251 4233 2439 4300 [Gyas]
2469 4235 2522 4285 1s
2544 4250 2674 4287 unus
2696 4251 2727 4286 a
