3050 4875
537 349 625 415 34
1275 362 1372 410 nn
1420 357 1597 412 vm
1655 359 2002 412 nonno.

623 503 878 571 Eodem
931 521 1107 572 anuo
1150 502 1504 571 inclinante
1559 503 1836 570 moritur
1884 502 2249 583 Maecenas,
2292 506 2463 568 teste
2509 503 2732 570 Dione

540 625 661 675 ιν.
690 627 761 692 p.
791 605 941 671 552.
983 612 1053 674 et
1100 604 1372 690 quidem
1416 610 1564 672 ante
1607 604 2002 688 Horatium;
2060 604 2244 689 quod
2285 625 2405 672 cur
2447 624 2539 670 ex
2582 604 2733 690 ejus

537 707 729 788 Vita,
769 727 812 774 a
854 707 1174 776 Suetonio
1207 709 1612 792 conscripta,
1641 706 2010 791 intelligere
2046 706 2474 791 pertinaciter
2511 707 2733 774 nolue-

534 813 665 880 rint
705 809 1089 888 Turnebus,
1130 808 1545 888 Torrentius,
1596 809 1856 887 Dousa,
1899 806 1987 871 A.
2017 806 2338 874 Schottus
2371 806 2617 892 (Obss.
2649 826 2733 874 n.

535 910 680 998 60.)
706 916 774 978 et
800 911 1226 991 Sanadonus‚
1255 910 1562 995 equidem
1595 930 1725 976 non
1756 910 1982 994 capio.

623 1132 879 1198 vrum
912 1132 1251 1198 HonA'ru
1293 1132 1381 1196 ab
1413 1132 1566 1214 ipso
1594 1131 2085 1213 elegantissime
2112 1131 2404 1216 pingitur
2433 1147 2483 1193 1.
2512 1129 2733 1215 Epist.

537 1234 645 1300 16.
671 1236 734 1300 5.
765 1254 920 1320 sqq.
1004 1233 1149 1299 Sita
1177 1240 1323 1297 erat
1348 1233 1420 1296 in
1446 1232 1744 1309 Sabinis,
1785 1249 1916 1296 nou
1945 1234 2179 1316 procul
2203 1232 2451 1298 Tibure
2494 1251 2731 1296 versus

536 1332 964 1421 Aquilonem.
1027 1334 1280 1400 Vicina
1306 1339 1445 1399 erat
1468 1331 1685 1398 Varia
1710 1336 1791 1410 (1.
1822 1332 2040 1418 Epist.
2070 1332 2177 1399 14.
2194 1332 2312 1414 3.),
2341 1335 2504 1399 item
2536 1334 2734 1399 Man-

536 1436 697 1502 dela
743 1440 823 1517 (1.
872 1436 1095 1521 Epist.
1141 1436 1247 1500 18.
1305 1433 1526 1519 105.);
1594 1437 1970 1519 proximum
2018 1435 2247 1501 fanum
2289 1435 2592 1500 Vacunae
2643 1436 2731 1520 (ι.

536 1537 756 1621 Epist.
784 1538 892 1602 10.
921 1542 1135 1618 exin).
1179 1536 1363 1620 Ager
1388 1537 1737 1602 dicebatur
1763 1537 2140 1616 Bandusia,
2166 1536 2350 1603 fonte
2378 1537 2731 1603 Bandusio

533 1642 677 1721 (ιιι.
711 1638 841 1703 Od.
871 1638 1009 1718 13.)
1053 1639 1360 1722 insignia,
1393 1638 1571 1704 unde
1614 1643 1798 1707 ortus
1825 1640 2010 1705 rivus
2044 1638 2359 1720 Digentia
2392 1640 2471 1716 (ι.
2502 1638 2730 1722 Epist.

535 1741 645 1808 18.
688 1741 894 1822 104),
944 1741 1220 1807 fundum
1279 1740 1555 1808 Horatii
1603 1742 1901 1808 suaviter
1946 1740 2285 1822 irrigabat.
2375 1740 2603 1823 Sylvis
2663 1745 2734 1806 et

533 1844 920 1908 nemoribus
962 1841 1423 1908 amoenissima
1465 1847 1614 1908 erat
1665 1842 1874 1923 regio,
1926 1843 2226 1927 inprimis
2275 1860 2508 1908 versus
2564 1843 2733 1908 anti·

535 1963 735 2028 quum
779 1943 1103 2027 templum
1149 1942 1454 2009 Vacunae
1502 1941 1674 2028 (vid.
1722 1943 1897 2010 Plin.
1945 1959 2062 2008 ιιι.
2107 1941 2269 2027 la),
2316 1949 2387 2007 et
2442 1944 2731 2027 amplius

532 2064 771 2111 versus
801 2044 1122 2109 Anienem
1149 2044 1217 2109 fl.
1244 2050 1316 2110 et
1342 2044 1555 2110 Tibur
1576 2046 1972 2129 sequebatur
1997 2048 2191 2111 lucus
2203 2044 2505 2110 Tiburni.
2579 2044 2731 2112 Nec

535 2143 809 2211 deerant
837 2164 1034 2225 saxa,
1060 2164 1282 2227 rupes,
1311 2144 1591 2210 dumeta
1615 2149 1694 2225 (1.
1719 2145 1935 2231 Epist.
1968 2147 2073 2211 14.
2103 2144 2278 2228 19.);
2319 2154 2400 2212 ut
2428 2147 2728 2214 maxime

535 2246 813 2331 poetica
852 2246 1034 2327 regio
1089 2244 1226 2308 dici
1283 2252 1533 2328 posset.
1616 2243 1700 2308 In
1748 2247 2055 2311 convalle
2100 2247 2275 2311 inter
2325 2246 2727 2312 Lucretilem

534 2354 832 2414 montem
861 2354 928 2412 et
956 2345 1283 2424 Usticam‚
1314 2364 1635 2410 saxosum
1662 2347 1902 2413 collem
1934 2366 1978 2412 a
2008 2366 2144 2431 quo
2173 2348 2326 2431 ipsa
2354 2349 2556 2413 etiam
2585 2349 2730 2413 val-

534 2449 619 2515 lis
649 2449 892 2515 Ustica
921 2449 1123 2527 dicta,
1153 2466 1288 2513 non
1330 2450 1565 2532 procul
1595 2448 1776 2513 fonte
1804 2449 2152 2516 Bandusio
2179 2449 2339 2528 (vid.
2373 2467 2457 2514 ιι.
2488 2451 2632 2515 Sat.
2658 2453 2727 2516 6.

533 2551 646 2628 2.),
676 2551 904 2617 villam
934 2551 1152 2632 ipsam
1196 2551 1491 2633 positam
1535 2549 1746 2613 fuisse
1789 2549 2141 2634 probabile
2181 2558 2303 2615 est.
2375 2549 2728 2634 Eleganter

533 2657 677 2718 erat
724 2650 1062 2716 aedificata
1105 2650 1191 2714 de
1242 2650 1398 2715 albo
1441 2649 1668 2734 lapide
1714 2650 2081 2717 Tiburtino.
2156 2650 2482 2715 Habebat
2532 2653 2601 2717 in
2643 2671 2728 2719 ea

534 2752 867 2818 Horatius
908 2751 1207 2815 villicum
1251 2769 1405 2814 cum
1450 2758 1609 2815 octo
1651 2752 1889 2826 servis,
1924 2758 1993 2817 et
2034 2752 2352 2816 vivebant
2392 2753 2462 2815 in
2508 2753 2728 2835 agello

532 2852 828 2936 quinque
869 2849 1141 2915 familiae
1180 2855 1261 2928 (ι.
1296 2850 1512 2935 Epist.
1540 2852 1646 2914 14.
1675 2850 1806 2936 3.);
1850 2851 2028 2916 unde
2058 2853 2227 2917 satis
2275 2852 2530 2917 lautum
2571 2854 2722 2919 fun-

532 2951 692 3017 dum
720 2951 934 3016 fuisse
964 2951 1390 3033 intelligatur.
1464 2951 1895 3036 Scripserunt
1922 2952 2116 3035 plura
2145 2952 2229 3016 de
2259 2952 2424 3016 villa
2451 2951 2724 3019 Horatii

533 3051 796 3118 Cluver.
824 3050 981 3118 Ant.
1015 3051 1171 3117 Ital.
1206 3069 1286 3117 ιι.
1316 3052 1382 3118 9.
1413 3071 1565 3136 sqq.
1602 3057 1673 3119 et
1715 3070 1978 3134 magno,
2020 3052 2194 3118 sorte
2234 3052 2443 3120 nimio
2469 3054 2719 3135 studio,

533 3151 636 3218 M.
663 3152 746 3219 1..
777 3153 1165 3237 Gapmartin
1195 3155 1282 3219 de
1307 3152 1572 3239 Chaupi
1601 3154 1671 3219 in
1702 3159 1723 3188 ‘
1749 3154 2177 3220 Decouverte
2210 3153 2294 3217 de
2331 3153 2404 3221 la
2445 3152 2723 3221 Maison

529 3253 614 3318 de
644 3251 1033 3338 Campagne
1063 3254 1427 3333 d’Horace‚
1474 3254 1722 3320 Tomos
1758 3272 1876 3323 111.
1924 3255 2143 3321 Rome
2180 3255 2391 3323 1767:
2426 3256 2492 3322 8.
2567 3256 2721 3324 Ele-

530 3353 789 3439 gantior
811 3354 1020 3419 multo
1046 3361 1155 3419 est
1185 3354 1524 3419 Dominici
1541 3358 1564 3389 ‘
1584 3355 1670 3420 de
1694 3356 1958 3422 Sanctis
1978 3356 2476 3423 Dissertazione
2507 3375 2717 3442 sopra

526 3456 599 3522 la
625 3454 819 3521 Villa
846 3454 931 3523 de
960 3453 1205 3522 Orazio
1235 3454 1532 3521 Flacco.’
