3050 4875
1229 326 1572 375 nolu-ru.
1713 327 1724 337 ·
2419 314 2511 386 25

310 468 513 533 modo
539 467 989 551 Tanaquillus
1029 466 1253 532 Faber
1298 476 1369 533 et
1412 468 1746 538 Dacerius
1780 487 1829 535 ι.
1862 470 1991 536 od.
2022 473 2126 538 14.
2158 479 2502 613 traxerint,

311 571 379 634 in
407 569 827 652 Argumeuto
854 568 1040 634 illius
1069 568 1464 634 videbimus.

397 671 795 736 offendebat
824 669 1155 736 Horatius
1182 670 1395 735 redux
1421 680 1683 755 patrem
1723 693 1798 737 se
1844 675 2119 742 absente
2151 686 2504 761 mortuum,

310 790 523 857 neque
579 772 883 837 relictum
948 770 1083 835 sibi
1138 772 1434 836 habebat
1487 772 1721 852 larem,
1777 794 1902 839 nec
1960 775 2278 861 fundum3
2353 803 2505 865 quae

308 873 411 937 illi
433 893 519 938 eo
545 873 794 938 tristior
824 891 970 936 sors
1013 871 1216 937 suerit
1257 880 1540 955 oportet,
1581 894 1732 939 cum
1779 878 2133 942 commoda
2174 886 2243 944 et
2284 882 2506 965 splen-

309 974 470 1039 dida
498 974 673 1039 adeo
710 973 950 1038 fuisset
994 974 1132 1039 vita
1161 975 1487 1057 superior.
1563 975 1802 1060 Itaque
1852 986 2212 1061 paupertas
2256 1002 2339 1048 ac
2381 986 2507 1049 ob·

310 1074 623 1151 scuritas,
676 1076 748 1138 in
803 1094 1124 1157 generoso
1183 1076 1407 1141 animo
1457 1076 1703 1159 ingenii
1759 1078 2127 1162 artiumque
2186 1085 2502 1164 nutrices,

308 1195 461 1241 eum
492 1177 774 1259 primum
803 1178 1235 1261 impulerunt,
1267 1184 1340 1242 ut
1365 1196 1598 1242 versus
1617 1177 1867 1244 faceret
1889 1179 2010 1266 (ιι.
2042 1180 2251 1265 Epist.
2273 1183 2376 1250 11.
2398 1189 2506 1252 51.

308 1273 535 1360 sqq.);
579 1295 734 1354 non,
762 1296 896 1360 quo
926 1277 1081 1341 inde
1111 1296 1357 1360 panem
1376 1285 1743 1361 quaereret,
1777 1279 1898 1346 sed
1932 1299 2068 1364 quo
2096 1284 2508 1353 elucesceret

309 1397 393 1441 ac
420 1377 554 1441 sibi
583 1384 999 1461 compararet
1025 1383 1372 1461 patronos.
1460 1375 1706 1461 Neque
1735 1379 1960 1457 video,
1999 1383 2340 1465 quomodo
2379 1387 2507 1454 boc

309 1479 407 1543 illi
434 1479 769 1561 opprobio
796 1479 906 1553 sit,
934 1497 1089 1543 cnm
1115 1484 1405 1556 constet,
1436 1479 1620 1543 omni
1665 1483 1985 1547 memoria
2013 1484 2080 1547 in
2126 1484 2274 1548 aliis
2304 1488 2507 1552 etiam

307 1579 665 1662 generibus
694 1597 901 1643 sensu
931 1581 1351 1664 paupertatis
1391 1599 1671 1661 magnos
1712 1581 1894 1646 viros
1934 1583 2279 1666 evasisse3
2319 1606 2508 1671 mag-

307 1697 533 1761 naque
578 1679 865 1760 ingenia,
924 1680 1085 1745 dum
1125 1680 1430 1745 adversis
1472 1679 1677 1744 rebus
1723 1682 2126 1761 obnitantur,
2168 1685 2300 1751 hoc
2351 1689 2507 1771 ipso

309 1781 465 1844 nisu
493 1782 563 1844 in
587 1779 793 1845 altum
823 1780 1075 1846 extolli.
1149 1780 1393 1846 Fuerat
1418 1781 1485 1845 in
1516 1781 1807 1847 Horatio
1837 1802 2145 1865 mag-num
2169 1787 2507 1868 ingenium

309 1881 676 1964 poeticum,
705 1883 1058 1947 subactum
1082 1878 1472 1947 Graecorum
1502 1881 1994 1962 familiaritate3
2037 1883 2167 1949 hoc
2197 1889 2507 1953 suscitari

310 1982 599 2067 primum
625 1984 739 2048 tali
774 1982 1062 2065 impulsu
1105 1982 1477 2065 oportebat.
1566 1980 1738 2046 Post
1778 1989 2027 2060 autem,
2058 2002 2214 2049 cum
2255 1986 2323 2048 in
2367 1989 2509 2052 otio

310 2083 594 2148 honeste
636 2085 959 2168 beateque
1003 2080 1283 2161 viveret,
1325 2081 1538 2146 solius
1592 2079 1703 2146 vel
1749 2083 1956 2147 animi
1995 2089 2063 2148 et
2104 2086 2354 2168 gloriae,
2398 2089 2509 2153 vel

312 2185 571 2269 publici
633 2203 799 2249 usus
873 2181 1092 2267 gratia
1154 2183 1454 2246 carmina
1517 2181 1697 2247 fecit.
1810 2183 1990 2250 Vitae
2053 2189 2507 2255 sustentandae

312 2305 521 2351 causa
575 2285 897 2368 scriptum
948 2284 1134 2348 illum
1188 2282 1283 2367 (s.
1344 2285 1539 2367 quasi
1595 2284 1995 2370 scribatum)
2053 2291 2508 2371 quaestorium,

313 2406 512 2471 quem
562 2386 920 2452 Suetonius
961 2385 1152 2464 dicit,
1198 2386 1329 2451 sibi
1373 2403 1799 2469 comparasse
1845 2386 2152 2469 videtur3
2205 2396 2280 2453 ut
2327 2375 2510 2456 esset

310 2490 378 2553 in
421 2489 695 2554 decuria
736 2488 1151 2565 Scribarum,
1196 2487 1314 2570 qui
1342 2484 1692 2564 Quaestori
1735 2495 2147 2571 apparerent.
2234 2489 2372 2554 Sed
2402 2511 2509 2556 se·

313 2583 534 2674 quenti
561 2596 859 2672 tempore
884 2587 1052 2652 illud
1081 2605 1321 2651 munus
1350 2583 1728 2668 neglexisse
1756 2606 1935 2664 eum,
1973 2586 2170 2654 facile
2199 2590 2508 2674 intellig&

313 2700 442 2756 tur.
533 2690 640 2756 cf.
681 2696 900 2757 autem
949 2706 1029 2754 u.
1073 2688 1220 2753 Sat.
1261 2689 1326 2754 6.
1375 2689 1484 2754 36.
1571 2687 1753 2753 Illud
1797 2708 1958 2753 vero
2002 2689 2161 2755 hinc
2207 2697 2506 2775 apparet,

311 2793 485 2857 nulli
515 2795 933 2879 superiorum
962 2809 1286 2855 annorum
1315 2788 1792 2871 assignandum
1821 2808 1972 2853 csse
1998 2790 2205 2855 ullum
2244 2811 2510 2858 carmen

315 2893 609 2959 Horatii.
698 2893 885 2958 Huic
912 2899 1142 2956 autem
1171 2910 1349 2955 anno
1394 2890 1760 2956 Massonus
1801 2890 2089 2973 eleganti
2118 2893 2507 2975 suspicione

311 2996 543 3060 tribuit
570 3010 625 3058 1.
652 2993 794 3058 Sat.
823 2993 890 3058 7.
936 3010 1089 3074 quae
1138 2991 1405 3057 omnino
1448 2990 1700 3072 Ecloga
1733 2989 2036 3074 juvenile
2077 2992 2305 3075 prodit
2330 2993 2508 3079 inge-

313 3097 528 3172 nium,
584 3113 803 3179 nsque
864 3094 1093 3176 inepte
1153 3112 1275 3176 pro
1333 3092 1552 3175 primo
1610 3090 1777 3156 foetu
1839 3089 2195 3156 Horatiani
2255 3093 2508 3176 ingenii

313 3195 547 3260 haberi
577 3195 822 3279 possit,
851 3213 1052 3277 quern
1080 3194 1350 3277 quidem
1380 3193 1654 3274 dignum
1679 3193 1861 3257 lectu
1891 3193 2038 3276 ipse
2066 3194 2390 3261 habuerit.

400 3295 642 3379 Neque
670 3296 738 3358 in
769 3294 1040 3377 Virgilii
1069 3300 1139 3359 et
1165 3292 1359 3358 Varii
1404 3294 1771 3358 amicitiam
1816 3298 1974 3357 ante
2002 3293 2173 3359 hunc
2197 3314 2257 3359 a.
2288 3298 2507 3364 venire

315 3398 572 3485 potdt3
618 3414 836 3479 neque
879 3396 1043 3461 forte
1080 3395 1212 3459 hoc
1249 3395 1405 3476 ipso
1450 3393 1651 3458 venit.
1730 3391 1897 3457 Item
1944 3393 2117 3458 male
2155 3395 2285 3459 buc
2316 3397 2509 3466 refert

320 3517 370 3565 1.
402 3497 537 3563 od.
580 3498 649 3563 2.
724 3495 1115 3577 Rodellins;
1156 3514 1312 3560 cum
1359 3495 1667 3560 arbitrari
1713 3494 1833 3558 vix
1882 3495 2250 3576 possimus,
2282 3495 2507 3562 Hora-

317 3603 487 3666 tium
514 3605 679 3664 tnnc
697 3599 844 3684 Jam
870 3602 1129 3663 tantum
1158 3595 1446 3662 Poetam
1466 3596 1703 3673 fuisse,
1730 3599 2049 3681 quantum
2078 3593 2208 3660 hoc
2238 3611 2508 3669 carmen

316 3701 554 3786 arguit.
