3050 4875
1023 423 1439 474 υΑκΜικυΜ
1494 423 1640 470 ma.
1689 424 1736 470 ι.
1779 408 1886 472 36.

621 568 775 633 Neu
808 574 1093 651 promtae
1122 566 1364 631 modus
1405 566 1776 649 amphorae,

705 669 863 734 Neu
892 687 1139 735 morem
1172 668 1242 732 in
1270 661 1534 733 Saiium
1563 670 1654 734 sit
1682 668 1947 752 requies
1976 667 2219 753 pedum
2247 689 2268 749 3

619 769 780 835 Neu
811 769 999 834 multi
1034 769 1342 833 Damalis
1372 768 1538 833 meri

700 871 994 937 Bassum
1015 870 1332 936 Threicia
1362 872 1588 936 vincat
1615 869 1953 954 amystide
1982 889 2003 949 ;

361 1063 618 1124 cm2m3
649 1066 1814 1132 neveprolatooadopoeednmnmesitpedn

1834 1067 2030 1116 oeoestio
2049 1067 2277 1116 carim
2296 1064 2554 1139 Βολίνης.

355 1128 939 1196 NeoeDanalisplm-isu‘
968 1133 1073 1183 viai
1103 1132 1246 1182 bibax
1266 1132 1909 1195 “namneum-li·
1933 1130 2223 1181 Thracibus.-
2255 1141 2552 1181 mecam-

1276 1290 1334 1311 00

359 1401 447 1451 alii
471 1402 624 1456 codd.
656 1420 773 1456 cum
816 1407 1028 1458 Locber.
1053 1414 1109 1457 et
1142 1409 1355 1457 Venett.
1391 1408 1496 1456 Nec

1533 1412 1765 1468 rom,-
1801 1404 1950 1455 Harl.
1984 1408 2034 1454 θ.
2074 1408 2122 1454 8.
2159 1408 2210 1452 4.
2249 1408 2299 1453 6.
2333 1400 2550 1453 Arcens.

358 1469 541 1528 ceteri,
577 1470 686 1519 Neu
703 1476 1054 1534 proaem—12
1091 1471 1239 1522 Harl.
1263 1476 1310 1521 l.
1329 1478 1377 1522 6.
1410 1471 1556 1533 Lips.
1591 1470 1807 1519 Locber.
1831 1470 2043 1519 Venett.
2069 1469 2136 1517 al.
2165 1468 2270 1517 Nec
2291 1481 2552 1516 morem—
2591 1506 2599 1515 .

358 1533 423 1579 1⁸
457 1531 624 1583 Iidem
657 1534 810 1584 codd.
847 1543 904 1585 et
939 1535 1158 1587 Arcens.
1198 1538 1300 1586 Nec
1321 1535 1496 1593 muni,-
1532 1533 1679 1584 Harl.
1700 1537 1749 1584 2.
1771 1538 1890 1584 Sal.
1912 1538 1962 1584 6.
1994 1532 2206 1597 aliique,
2252 1533 2360 1582 Neu
2397 1531 2556 1581 nulii.

352 1594 370 1621 ‘
392 1593 573 1646 Metuo
595 1612 660 1647 ne
682 1599 778 1649 boc
799 1615 891 1650 nea
915 1601 1305 1664 transponendis
1330 1599 1561 1649 versibus
1581 1599 1903 1648 occasionem
1926 1597 2150 1647 dederit.
2214 1594 2402 1645 Melius
2421 1597 2555 1644 enim

356 1665 414 1707 et
437 1663 608 1723 aptius
627 1672 781 1724 esset,
799 1667 844 1715 si
868 1673 989 1728 post
1011 1679 1088 1715 vs.
1105 1668 1186 1714 1⁰.
1211 1671 1554 1728 sequerentur
1572 1677 1649 1710 vs.
1670 1667 1745 1712 15.
1763 1666 1842 1712 16.
1879 1662 2002 1726 quia
2026 1670 2151 1710 tnnc
2175 1661 2288 1709 idea
2315 1673 2556 1707 versuum

357 1725 439 1771 1⁸.
458 1728 536 1775 u.
570 1730 795 1778 naturali
819 1729 1205 1779 continuatione
1228 1730 1374 1777 ducit
1393 1728 1455 1777 ad
1482 1742 1558 1775 vs.
1584 1730 1762 1776 17-20.
1830 1726 1945 1776 Nini
1972 1733 2158 1789 putare
2182 1726 2452 1785 malumus,
2475 1730 2554 1773 ta·

357 1786 460 1835 lem
483 1792 925 1850 perturbationem
949 1793 1181 1843 idearum
1206 1793 1422 1856 lyricum
1455 1790 1662 1855 poetam
1697 1789 1920 1839 decere!
1950 1792 2084 1839 doni.
2153 1789 2295 1838 Idem
2321 1787 2480 1836 sentit
2498 1784 2553 1838 J.

359 1850 692 1905 variet—1³
727 1856 813 1908 Ab
840 1857 938 1909 boc
959 1873 1111 1908 versu
1145 1872 1278 1907 nova
1301 1856 1419 1908 Ode
1440 1856 1625 1919 incipit
1650 1856 1701 1904 iu
1727 1855 1824 1904 Ed.
1849 1854 2100 1915 Sivriana,
2131 1853 2217 1903 ubi
2253 1852 2444 1915 legitur
2467 1853 2555 1902 da·

1355 2015 1571 2068 NOTA-3

357 2131 524 2194 plenae
555 2130 980 2194 significationem
1013 2133 1230 2195 letitie,
1265 2133 1411 2195 large

351 2206 637 2257 bibendum
651 2209 758 2271 ait3
792 2210 942 2259 simul
966 2217 1020 2260 et
1043 2219 1275 2260 veterum
1300 2220 1412 2259 tan·

359 2281 438 2343 git
475 2295 685 2340 morem,
709 2298 812 2347 quo
842 2285 1035 2335 amicos
1069 2286 1151 2334 vel
1183 2285 1412 2349 proficis·

354 2362 557 2417 centes,
600 2358 684 2407 vel
716 2374 747 2407 e
784 2361 1200 2424 peregrinatione
1239 2376 1411 2412 rever·

356 2439 531 2483 tentes
573 2435 807 2485 convivio
851 2435 1199 2501 excipiebant.
1279 2438 1411 2491 Qnae

351 2508 562 2574 quidem
586 2511 755 2574 epulae
782 2512 1091 2564 dicebantur
1127 2516 1332 2566 viatica
1358 2522 1413 2565 et

354 2583 678 2637 adventitiae.

421 2663 486 2709 12
519 2661 629 2711 Neu
657 2664 905 2714 mor-emin
926 2664 1108 2715 δαείω
1136 2667 1205 2715 sit
1230 2667 1414 2730 requies

350 2735 545 2800 μάκει]
592 2738 707 2788 Nec
748 2740 1054 2791 omittantur
1089 2743 1315 2806 tripudia
1357 2750 1412 2792 et

353 2811 655 2861 saltationes
682 2814 745 2863 iis
773 2815 986 2873 similes,
1020 2832 1143 2881 quas
1165 2826 1413 2867 exercent

353 2884 690 2957 Salii-Martis
705 2889 1013 2941 Sacerdotes
1028 2905 1058 2941 a
1072 2893 1243 2943 Numa
1256 2893 1410 2942 Pom-

358 2962 485 3023 pilio
523 2963 767 3029 instituti,
809 2980 1016 3016 numero
1054 2968 1350 3029 duodecim,
1382 2981 1413 3018 e

355 3038 589 3091 Patricio
613 3056 831 3106 genere:
858 3044 1052 3093 aTnllo
1067 3043 1258 3093 deinde
1275 3044 1412 3093 Hos-

355 3116 467 3165 tilio
487 3118 757 3183 duplicati.
823 3119 918 3182 m,
947 3135 1093 3170 renea
1116 3122 1279 3184 galea,
1305 3122 1413 3170 bal·

356 3191 497 3257 theo,
518 3209 580 3244 ac
615 3196 827 3246 tborace
864 3197 1070 3259 armati,
1110 3212 1204 3261 per
1234 3197 1410 3248 urbem

355 3267 684 3330 incedebant,
718 3270 881 3334 gradu
912 3273 1219 3336 composito,
1250 3280 1411 3336 atque

355 3343 421 3393 ad
447 3344 587 3395 tibioe
619 3345 852 3395 modulos
877 3345 1237 3397 subsilientem
1275 3348 1410 3399 unde

356 3432 556 3470 nomen.
589 3422 750 3471 Sacra
767 3422 855 3471 illa
876 3423 1037 3472 coenis
1053 3438 1255 3489 qnoque
1279 3440 1415 3476 snm·

358 3496 1412 3566 tunsis,cantibus.etsympboniaopipare

356 3572 704 3622 celebrabant.
771 3573 909 3623 Vide
947 3575 1097 3638 plura
1129 3576 1266 3639 apud
1303 3575 1415 3627 Liv.

354 3661 395 3697 1.
418 3650 500 3697 20.
536 3645 645 3699 Jul.
668 3649 805 3699 Poll.
830 3663 905 3699 iv.
933 3653 1010 3700 1⁴.
1046 3651 1266 3702 maxime
1290 3668 1414 3704 vero

352 3723 506 3773 Alex.
546 3723 615 3772 ab
656 3724 810 3774 Alex.
851 3739 891 3774 r.
930 3729 1011 3776 26.
1042 3730 1140 3776 dte.
1192 3728 1415 3794 Dionys.

355 3797 623 3848 Halicarn.
663 3799 751 3849 lib.
774 3813 838 3850 11.
863 3801 939 3850 sic
961 3800 1154 3851 babet:
1186 3803 1203 3830 ‘
1229 3804 1302 3853 Hi
1325 3818 1413 3853 an·

355 3880 459 3922 tem
495 3873 621 3923 Salii
660 3888 837 3925 omnes
872 3877 1150 3925 saltatores
1185 3883 1325 3940 sunt,
1357 3885 1413 3928 et

351 3949 653 3999 laudatores
676 3957 990 4001 armatorum
1021 3951 1290 4016 Deorum,’
1315 3956 1412 4004 διο.

350 4025 517 4075 Varro
556 4027 622 4077 de
657 4027 809 4091 Ling.
844 4027 957 4077 Lat.
990 4028 1082 4077 lib.
1105 4041 1186 4077 ιν.
1219 4030 1296 4079 sie
1327 4029 1410 4079 ba·

350 4102 475 4151 bet:
511 4103 527 4131 ‘
554 4101 681 4152 Salii
721 4116 753 4151 a
784 4102 1041 4166 saltando,
1061 4104 1200 4168 qnod
1234 4102 1409 4157 facere

348 4177 404 4226 iu
428 4178 642 4228 comitio
677 4177 955 4243 quotannis
976 4178 1029 4230 in
1049 4180 1209 4230 sacris
1237 4183 1405 4233 solent

350 4259 406 4303 et
424 4251 651 4305 debent?

1557 2134 1619 2179 ts
1656 2129 1766 2179 Nea
1786 2129 1927 2178 malti
1949 2127 2172 2178 Damalis
2189 2127 2309 2176 neri
2329 2125 2556 2186 Bam,

1488 2206 1595 2270 qm]
1638 2204 1721 2254 Ad
1765 2203 2058 2254 convivium
2106 2203 2271 2253 amica
2313 2202 2553 2252 Numida

1489 2281 1726 2331 Damalis
1759 2281 1981 2330 invitata
2014 2294 2132 2329 oum
2166 2292 2300 2329 novo
2323 2277 2398 2327 sic
2418 2291 2556 2327 ama·

1494 2363 1608 2406 tore
1650 2365 1976 2416 consuescat,
2018 2362 2079 2405 ut
2125 2355 2309 2405 relicta
2362 2353 2555 2402 veteris

1494 2432 1647 2484 amici
1688 2430 2057 2494 familiaritate,
2099 2430 2249 2481 Bassi
2294 2428 2558 2493 videlicet,

1489 2525 1595 2560 non
1620 2510 1840 2573 amplius
1862 2524 1976 2559 cum
1996 2523 2058 2559 eo
2076 2515 2245 2558 certet
2267 2506 2555 2557 bibacitate

1494 2586 1672 2635 vinosa
1695 2585 1899 2650 quidem
1920 2585 2120 2635 mulier.

1560 2662 1712 2711 Multi
1732 2662 1874 2726 mer-i]
1896 2661 2007 2711 Cic.
2026 2662 2172 2711 Fam.
2195 2672 2271 2709 tx.
2290 2663 2374 2709 2⁶.
2396 2658 2412 2686 ‘
2433 2656 2553 2705 Non

1491 2738 1643 2787 multi
1661 2737 1764 2786 cibi
1785 2737 2040 2802 hospitem
2056 2735 2302 2799 accipies,
2318 2733 2408 2783 sed
2427 2730 2554 2781 mul-

1494 2816 1533 2865 ti
1546 2813 1700 2878 joci-³
1730 2813 1836 2864 Alii
1856 2816 1931 2863 sic
1952 2815 2392 2876 interpretantur:
2420 2809 2555 2859 Bas·

1494 2906 1581 2939 sus
1617 2896 1670 2939 et
1713 2889 1942 2939 Damaiis
1977 2894 2180 2938 certent
2213 2885 2432 2950 poculis,
2452 2898 2553 2935 nec

1494 2966 1548 3016 in
1573 2966 1981 3030 pergraecatione
1998 2965 2117 3013 huic
2139 2963 2227 3012 ille
2250 2961 2425 3012 cedat.

1561 3045 1623 3091 14
1657 3040 1886 3104 Bassam]
1923 3039 1976 3089 Is
2009 3036 2148 3088 forte
2185 3044 2267 3085 est
2298 3034 2554 3085 lambiens

1492 3117 1581 3166 ille
1621 3115 1789 3165 Poeta
1827 3115 1892 3164 ad
1930 3127 2079 3178 quem
2118 3120 2197 3161 est
2234 3112 2478 3174 Propert.
2509 3122 2551 3160 ε.

1490 3194 1641 3257 Eleg.
1660 3197 1710 3242 Δ.
1740 3199 1796 3242 et
1830 3190 1985 3240 Ovid.
2005 3189 2163 3238 Trist.
2186 3200 2264 3237 ιν.
2302 3187 2447 3250 Eleg.
2473 3189 2552 3235 lo.

1489 3270 1594 3320 Ubi
1635 3269 1770 3319 male
1803 3267 1985 3318 Battus
2015 3267 2239 3330 legitur;
2274 3265 2463 3314 Bassus
2499 3277 2551 3312 e-

1491 3346 1596 3395 nim
1637 3351 1857 3395 vocatur
1892 3342 2030 3407 apud
2065 3341 2378 3405 antiquiores
2429 3340 2551 3389 vitae

1493 3421 1671 3472 Ovidii
1695 3421 2005 3485 scriptoresz
2031 3417 2182 3468 testis
2204 3417 2454 3480 Scaliger.

1564 3499 1781 3549 meida
1800 3495 2059 3562 mystiria]
2097 3493 2196 3544 Vel
2228 3494 2418 3558 poculo
2446 3491 2553 3540 val-

1491 3574 1561 3623 de
1595 3574 1814 3639 capaci;
1849 3572 1931 3623 vel
1957 3569 2168 3621 bibendi
2200 3581 2387 3631 genere
2413 3565 2552 3630 apud

1492 3649 1728 3700 Thracas
1758 3655 1814 3699 et
1847 3647 2068 3709 Scythas
2092 3645 2285 3693 usitato
2306 3641 2554 3703 &mm-tl,

1493 3727 1605 3776 sine
1645 3723 2004 3788 respiratione,
2044 3718 2238 3780 ἀμυστὶ,
2276 3718 2453 3767 hiante
2497 3725 2553 3766 et

1494 3809 1711 3865 patente
1734 3813 1823 3849 ore
1845 3804 1902 3847 et
1925 3796 2090 3846 rictu:
2127 3794 2262 3844 unde
2283 3791 2553 3855 ἀμυστίζειν

1494 3875 1687 3925 dicitnr
1726 3875 1768 3924 is
1799 3874 1887 3940 qui
1924 3872 1998 3923 sic
2033 3872 2207 3922 viuum
2244 3870 2551 3934 ingurgitat,

1490 3955 1637 4017 largo
1673 3954 1878 4017 haustu,
1922 3950 2142 4013 ductim,
2180 3945 2454 3999 confertim
2494 3954 2551 3995 et

1488 4028 1799 4089 confestim3
1852 4041 1956 4076 nou
1999 4032 2171 4075 antem
2218 4021 2551 4083 sorbillando,

1490 4106 1574 4154 vel
1591 4106 1735 4154 leuto
1756 4104 1936 4154 ductu.
1967 4101 2102 4151 Vide
2122 4099 2390 4149 Plutarch.
2406 4099 2552 4165 Sym-

1489 4196 1607 4248 pos.
1642 4183 1772 4232 emt.
1795 4194 1872 4231 iv.
1906 4183 1990 4231 26.
2026 4183 2084 4230 et
2119 4189 2213 4231 xv.
2236 4182 2285 4230 d.
2323 4177 2545 4228 Turneb.

1487 4270 1658 4309 xvru.
1675 4260 1759 4308 ²⁶1.
