3050 4875
503 3422 674 3475 litera.
739 3424 982 3473 Chartam
1024 3424 1185 3487 ipsam
1230 3424 1283 3472 in
1321 3420 1561 3489 Archivis

505 3498 756 3548 tutissime
782 3498 1045 3550 recondidi
1066 3514 1082 3559 3
1106 3498 1559 3562 transcriptionem

504 3572 601 3623 tibi
623 3574 810 3622 amoris
836 3587 959 3637 ergo
980 3574 1264 3623 committo.
1329 3573 1560 3622 Clarissi-

504 3661 587 3698 me
609 3657 830 3713 apparet
850 3663 880 3699 e
906 3650 1067 3699 titulis
1089 3662 1331 3712 superne,
1354 3648 1560 3711 paginae

504 3723 662 3785 notis,
682 3725 894 3789 aliisque
927 3724 1131 3775 indiciis
1162 3726 1445 3775 laceratam
1470 3738 1559 3772 cx·

502 3805 840 3864 cerptamque
861 3814 926 3849 ex
947 3802 1120 3865 aliqua
1135 3801 1368 3853 editione
1393 3803 1557 3853 Hora·

901 404 1070 454 01)AE
1116 403 1289 453 1³11AE
1336 403 1675 454 nummo
1722 405 2175 456 suffusum.

748 546 794 612 J
800 566 907 611 am
933 547 1096 613 licet
1122 546 1472 633 Nymphas
1500 547 1762 631 trepide
1792 549 2068 632 fugaces

750 649 1046 734 Insequi,
1072 651 1248 715 lento
1274 650 1442 733 pede
1470 650 1891 732 detinendas;

754 749 840 815 Et
866 750 1077 816 labris
1107 757 1357 833 captae,
1385 751 1761 817 simulantis
1786 753 1980 829 iram,

1610 851 1866 919 Oscula
1889 853 2027 937 figi.

752 953 798 1019 J
804 973 910 1018 am
946 950 1110 1018 licet
1138 954 1294 1018 vino
1320 954 1631 1019 madidos
1657 958 1934 1020 vetusto

755 1055 863 1119 De
893 1054 1000 1119 die
1026 1055 1250 1120 laetum
1276 1058 1558 1121 recitare
1588 1076 1892 1134 carmem

754 1154 974 1234 Flore,
1005 1156 1063 1220 si
1094 1164 1158 1224 te
1187 1156 1307 1222 des
1334 1157 1637 1235 hilarem,
1668 1158 1899 1222 licebit

1612 1260 1886 1324 Sumere
1917 1263 2193 1323 noctem.

756 1356 802 1422 J
807 1377 918 1422 am
947 1358 1101 1423 vide
1129 1378 1326 1424 curas
1353 1359 1692 1443 Aquilone
1717 1362 2028 1442 sparsas!

759 1458 963 1523 Mens
992 1460 1117 1524 viri
1148 1460 1338 1525 sortis
1370 1462 1502 1525 sibi
1533 1468 1814 1539 constat,
1841 1467 2057 1526 utrum

761 1560 991 1626 Serius
1019 1561 1134 1626 leti
1166 1562 1453 1628 citiusve
1482 1564 1692 1629 tristis

1610 1665 1908 1731 Advolat
1934 1664 2116 1730 hora.

1422 1863 1590 1928 ons
1638 1880 1768 1929 xc.

1232 2012 1337 2060 ΑΙ)
1387 2012 1678 2060 LIBRUM
1730 2011 1966 2060 SUUM.

762 2113 1011 2176 Duum
1045 2113 1272 2177 libello
1300 2131 1492 2176 nemo
1523 2112 1860 2177 sodalium

766 2212 1023 2277 Forsan
1052 2233 1343 2278 meorum
1374 2214 1593 2278 carior
1623 2215 1886 2279 extitit:

848 2314 957 2380 De
986 2321 1051 2379 te
1083 2315 1353 2379 merenti
1382 2314 1547 2399 quid
1575 2315 1791 2379 fidelis

1019 2415 1333 2482 Officium
1362 2415 1632 2482 domino
1657 2415 2021 2502 rependes?

760 2518 862 2582 Te
893 2517 1115 2583 Roma
1144 2527 1420 2583 cautum
1446 2519 1704 2583 territat
1731 2518 1984 2583 ardan

763 2620 1047 2703 Depone
1078 2640 1287 2686 vanos
1317 2621 1590 2686 invidiae
1619 2629 1873 2700 metus;

852 2720 1215 2804 Urbisque‚
1244 2720 1462 2785 fidens
1492 2720 1821 2803 dignitati,

1020 2822 1150 2885 Per
1178 2821 1441 2905 plateas
1471 2822 1811 2887 animosus
1840 2820 2020 2886 audi.

762 2921 865 2985 En
898 2941 1033 3004 quo
1061 2922 1359 2985 furentes
1394 2921 1827 2987 Eumenidum
1859 2921 2100 2997 choros

764 3023 1057 3106 Disjecit
1085 3022 1262 3089 almo
1291 3021 1563 3085 fulmine
1594 3021 1897 3105 Jupiter!

855 3125 1039 3190 Huic
1068 3144 1188 3191 ara
1217 3126 1453 3203 stabit,
1482 3123 1664 3189 fama
1692 3132 1886 3188 cantu

1025 3228 1356 3310 Perpetuo
1382 3225 1783 3291 celebranda
1808 3232 2078 3289 crescet.

503 3873 641 3922 tiana
668 3873 790 3924 olim
823 3872 999 3938 fnisse,
1032 3883 1091 3925 ct
1120 3875 1338 3927 fornitan
1370 3877 1559 3945 prima,
1638 3884 1901 3937 Sub-Libr-

1640 3419 1847 3486 quando
1878 3434 2128 3485 uunquam
2163 3421 2304 3484 alibi,
2326 3424 2407 3472 vel
2430 3431 2585 3473 antea
2607 3422 2695 3471 has

1643 3506 1791 3556 Odas
1815 3507 1865 3554 in
1889 3506 2181 3556 memoriam
2207 3522 2448 3558 revocare
2475 3523 2699 3573 possum.

1641 3581 1852 3631 Mecum
1869 3595 1994 3645 ergo
2007 3581 2241 3631 literato·
2255 3597 2432 3632 omnes
2453 3582 2697 3646 gratulari

1642 3657 1921 3721 videbitur,
1943 3658 2261 3721 recuperatis
2280 3658 2359 3707 his
2377 3658 2699 3722 elegantissi-

1641 3735 1736 3782 mis
1759 3732 2085 3783 Carminibus
2112 3731 2421 3785 Horatianis.
2486 3734 2619 3783 Vale
2641 3740 2698 3784 et

1639 3806 1832 3858 fruere.
1869 3808 2061 3873 Gaespoe·
2073 3807 2382 3872 Fallacia-iud,
2391 3807 2553 3857 Pelet.
2566 3808 2700 3857 Bm.
