3050 4875
1234 386 1302 448 Q.
1348 387 1666 436 nonam
1718 387 1979 435 rusco!

782 531 956 610 Quis
984 550 1113 596 non
1145 530 1385 597 Latino
1416 532 1733 612 sanguine
1763 529 2072 613 pinguior

781 634 1075 717 Campus
1103 632 1424 715 sepulcris
1452 631 1663 715 impia
1694 630 1932 715 praelia

864 733 1209 810 Testatur,
1238 732 1672 814 auditumque
1703 730 1930 793 Medis

956 833 1630 917 Hesperiae.sonitum
1662 833 1865 895 ruinae
1886 832 1915 892 ‘l
1996 862 2015 879 ·

780 934 917 1013 Qui
943 953 1201 1018 gurgeS,
1234 938 1354 998 aut
1379 953 1536 1016 quae
1558 932 1829 996 flumina
1854 927 2151 1009 lugubris

780 1036 1023 1118 Ignara
1049 1034 1211 1098 belli
1231 1036 1262 1097 ‘l
1306 1033 1484 1116 quod
1513 1052 1695 1097 mare
1728 1031 2018 1095 Dauniae

525 1230 643 1283 ries.
712 1229 836 1285 Qui·
862 1243 980 1290 ager
1009 1226 1232 1291 pinguior
1250 1224 1532 1274 Latinorum
1561 1232 1720 1268 cruore
1752 1230 1846 1267 non
1875 1216 2065 1267 exhibet
2100 1216 2294 1265 mantis
2323 1214 2518 1274 infande
2554 1217 2704 1262 ema·

524 1293 672 1354 mina,
690 1298 738 1342 et
757 1293 969 1344 cadentis
988 1290 1398 1351 Italioefrngorem
1414 1285 1577 1334 Medis
1596 1283 1808 1332 «witus-
1824 1287 1846 1331 r
1911 1281 2031 1337 Quoe
2060 1294 2250 1341 vorago,
2278 1279 2416 1341 quive
2436 1278 2583 1342 fluvii
2611 1291 2705 1324 m

524 1362 752 1406 noverim
781 1372 962 1420 pugnos
984 1355 1238 1417 senentes?
1303 1350 1498 1419 Ecetfias
1515 1347 1661 1396 maris
1680 1346 1872 1408 Apulia
1890 1346 2088 1394 colorem
2112 1358 2205 1393 noa
2225 1348 2467 1394 marma
2486 1340 2706 1403 strages?

1431 1504 1790 1527 000000000000

521 1614 619 1661 dcc.
645 1611 820 1660 Iaamb.
840 1611 1075 1659 Torreat.
1097 1609 1254 1672 Cruq.
1290 1605 1482 1668 Delph.
1504 1603 1676 1654 Bond.
1698 1602 1959 1653 Schrevel.
1985 1600 2166 1650 Heius.
2189 1600 2369 1665 Steph.
2399 1604 2455 1649 et
2492 1594 2702 1646 Wakef.

524 1674 630 1725 Sed
654 1675 772 1724 vide
796 1674 968 1738 Heyn.
993 1672 1056 1722 ad
1080 1672 1226 1735 virg.
1249 1670 1364 1719 AEn.
1388 1683 1444 1718 v.
1466 1671 1713 1717 sose-88
1751 1667 1874 1722 Quis
1890 1667 2066 1727 gin-ges
2090 1665 2235 1714 Harl.
2256 1669 2305 1712 6.
2328 1670 2384 1713 et
2407 1663 2515 1712 Alt-
2539 1665 2585 1710 1.
2605 1661 2702 1709 Lo-

527 1738 670 1788 cher.
691 1745 749 1787 et
769 1738 980 1787 Venett.
1012 1739 1157 1786 1478.
1194 1737 1337 1785 1492.
1359 1736 1506 1782 159⁰.
1554 1744 1712 1793 ecquo
1722 1729 1931 1794 flamina
1953 1729 2158 1779 emend.
2182 1728 2405 1791 Cuniug.
2427 1732 2483 1776 et
2512 1722 2699 1775 Sanad.

1499 1874 1716 1927 Nom-3

525 1993 680 2058 guine
700 1992 897 2042 illorum
931 2006 1136 2042 manes:
1169 1997 1356 2056 postea
1376 1988 1571 2052 gladia·

525 2074 667 2116 tores
686 2066 969 2117 introducti
995 2066 1066 2118 ad
1100 2068 1322 2116 tumulos
1357 2063 1572 2114 defunc·

522 2148 691 2191 torum
723 2148 1031 2205 pugnantes.
1088 2142 1217 2191 Cnrn
1243 2154 1364 2189 vero
1387 2137 1494 2187 dux
1517 2137 1572 2186 in

526 2215 641 2264 acie
675 2229 838 2264 casua
875 2223 1032 2279 esset,
1061 2216 1200 2278 capti
1235 2229 1301 2263 ex
1337 2212 1572 2262 hostibus

525 2289 592 2339 ad
614 2291 730 2355 ejus
763 2292 1060 2354 sepulcrum
1094 2287 1487 2339 immolabantur
1508 2300 1572 2336 ac

525 2368 666 2416 velut
687 2364 883 2417 inferiae
916 2367 965 2416 ei
998 2365 1353 2416 mittebantur.
1416 2361 1571 2410 Iliad.

522 2447 584 2492 Ψ.
626 2447 739 2492 175.
803 2442 1029 2493 Achilles
1067 2440 1299 2491 Patrocli
1335 2437 1573 2489 manibus

522 2516 787 2581 placandis
808 2516 1074 2567 duodecim
1090 2516 1338 2580 Trojauos
1358 2521 1571 2575 mactat,

526 2598 684 2655 atque
705 2590 757 2639 in
780 2591 890 2654 ejus
925 2606 1100 2656 pyram
1141 2591 1321 2656 injicit.
1387 2588 1572 2651 Virgil-

524 2665 723 2715 AEneid.
765 2679 822 2715 x.
865 2670 977 2716 51⁷.
1032 2667 1048 2694 ‘
1085 2665 1329 2714 Sulmone
1369 2673 1573 2712 creatos

524 2738 758 2789 Quatuor
800 2739 881 2788 hic
906 2740 1143 2801 juvenes,
1187 2738 1402 2787 totidem
1445 2751 1574 2801 quos

524 2811 715 2861 educat
749 2811 934 2873 Ufens,
971 2813 1219 2862 Viventes
1251 2812 1406 2875 rapit,
1441 2808 1573 2859 infe-

523 2886 626 2935 rias
662 2900 789 2951 quos
823 2886 1052 2936 immolet
1087 2886 1297 2948 umbris,
1325 2886 1570 2949 Captivo-

525 2975 626 3025 que
670 2961 781 3025 rogi
823 2960 1105 3026 perfundat
1146 2961 1395 3024 sanguine
1427 2958 1572 3010 flam-

522 3035 668 3086 mas!

585 3112 868 3175 augur-tha]
889 3112 945 3161 Is
964 3111 1082 3162 Rex
1101 3112 1442 3163 Numidarum
1463 3110 1574 3162 acri

526 3187 603 3235 vir
622 3186 946 3251 impigreque
981 3187 1206 3251 ingenio,
1229 3200 1379 3236 manu
1403 3200 1574 3249 prom-

523 3263 626 3319 tus,
677 3267 734 3309 et
787 3260 966 3323 gloriae
1021 3262 1254 3311 militaris
1303 3267 1577 3324 appetens,

522 3346 765 3396 magnum
810 3340 864 3384 et
899 3342 1044 3384 atrox
1076 3336 1319 3398 variaque
1356 3334 1577 3384 victoria

523 3423 646 3459 cum
676 3408 878 3472 Populo
917 3409 1146 3459 Rommo
1183 3409 1376 3458 bellum
1399 3409 1578 3472 gessit,

522 3484 690 3534 donec
732 3483 913 3533 missus
953 3484 1008 3532 in
1042 3484 1339 3533 Numidiam
1376 3484 1575 3533 Marius

521 3558 799 3622 Jugarthae
838 3556 999 3622 fregit
1033 3571 1177 3622 opes,
1211 3557 1483 3620 ipsumque
1506 3556 1573 3605 ad

524 3640 759 3683 extrema
780 3633 1047 3697 compulit.
1112 3633 1166 3683 1·
1195 3633 1331 3681 enim
1355 3630 1419 3679 ad
1441 3630 1574 3681 Boc·

525 3708 676 3759 chum
690 3708 1017 3758 Mauritania
1039 3722 1211 3772 regem
1229 3705 1409 3770 fugere
1424 3720 1574 3755 coac-

528 3791 631 3844 tus,
652 3782 719 3832 ab
742 3783 856 3846 ipso
879 3782 1128 3846 proditus,
1150 3798 1213 3832 ac
1235 3783 1394 3846 Sylla
1416 3781 1574 3831 tradi-

528 3864 610 3907 tus
631 3865 730 3919 est,
754 3871 786 3904 a
806 3870 908 3920 quo
934 3856 1213 3919 perductus
1243 3855 1307 3905 ad
1331 3856 1574 3913 Marium,

524 3932 673 3996 hujus
691 3929 1006 3996 triumphum
1028 3929 1297 3979 decoravit
1317 3948 1330 3976 ι
1353 3930 1572 3995 denique

527 4015 698 4056 trusus
719 4006 773 4056 in
796 4018 1078 4067 carcerem,
1099 4004 1201 4054 illic
1219 4017 1435 4054 moerore
1451 4019 1573 4054 con-

530 4081 715 4131 tabuit.
771 4081 1134 4131 ExSalluatio.

592 4161 658 4206 2⁹
695 4159 813 4214 Quis
851 4173 944 4206 non
985 4157 1161 4207 Latino
1200 4157 1428 4218 unguine
1469 4157 1574 4220 pin·

1647 1987 1791 2048 gaior-
1811 1982 2042 2050 Campus]
2072 1985 2236 2034 Istum
2268 1978 2449 2032 Poeta
2486 1980 2649 2031 nostri
2674 1994 2704 2031 a

1654 2061 1901 2111 Pollionis
1939 2059 2229 2109 laudatione
2261 2057 2325 2106 ad
2348 2055 2571 2106 civilium
2595 2055 2705 2105 bel·

1649 2134 1813 2184 lorum
1835 2133 2178 2199 deplorandas
2200 2131 2375 2181 clades
2387 2138 2441 2179 et
2457 2143 2705 2179 erumnas

1654 2208 1931 2257 transitum
1964 2222 2066 2256 non
2101 2206 2288 2270 probat
2313 2204 2563 2268 Scaliger,
2585 2218 2703 2253 cum

1652 2288 1824 2332 tamen
1844 2281 2102 2331 Pindarus
2118 2281 2308 2343 aliique
2329 2278 2551 2341 insignes
2571 2277 2706 2327 Poe-

1651 2363 1722 2407 tae
1768 2355 2089 2421 frequentius
2122 2355 2246 2404 nihil
2278 2353 2520 2415 habeant,
2556 2353 2706 2402 nihil·

1652 2446 1751 2496 que
1773 2432 2006 2481 ornatius
2038 2444 2191 2495 quam
2221 2427 2473 2492 ejusmodi
2507 2425 2706 2490 digres-

1652 2507 1840 2569 siones,
1882 2506 2046 2570 iisque
2084 2519 2327 2554 summam
2366 2510 2529 2552 artem
2562 2502 2708 2550 exhi-

1654 2582 1778 2632 bere
1800 2584 2017 2633 soleant.

1716 2666 1778 2711 81
1813 2662 2133 2724 „inditumque
2158 2659 2315 2709 Medis
2350 2655 2598 2721 Hesperie
2631 2671 2706 2705 so·

1652 2736 1806 2785 uitam
1853 2734 2026 2797 raino]
2090 2736 2307 2784 Tantam
2364 2733 2704 2782 Romanorum

1655 2812 1855 2863 cladem
1879 2820 1934 2861 et
1955 2820 2057 2861 tam
2092 2809 2359 2872 famosam,
2385 2816 2445 2858 ut
2469 2809 2705 2858 remotis·

1654 2887 1794 2937 simis
1816 2902 1979 2953 usque
2001 2885 2067 2936 ad
2091 2886 2365 2935 Orientem
2389 2884 2593 2947 populis
2617 2898 2705 2932 au-

1652 2962 1762 3012 dita
1780 2962 1867 3012 sit.
1935 2964 2021 3012 De
2042 2960 2216 3010 Medis
2237 2967 2293 3011 et
2316 2959 2576 3024 Hesperia
2598 2957 2706 3010 dixi

1651 3037 1748 3087 lib.
1769 3052 1810 3087 r.

1719 3115 1781 3160 34
1816 3109 2053 3172 Daunioe]
2086 3109 2149 3159 Id
2173 3115 2273 3171 est,
2294 3107 2519 3173 Apuliae,
2537 3115 2594 3158 nt
2618 3124 2708 3159 no-

1655 3186 1762 3235 tavi
1782 3184 1874 3234 lib.
1898 3200 1939 3235 1.
2005 3185 2157 3235 Hanc
2180 3198 2303 3233 vero
2326 3189 2574 3233 memorat
2594 3183 2706 3234 Ho-

1654 3261 1814 3311 ratius
1843 3274 1906 3309 eo
1940 3260 2075 3325 quod
2101 3274 2194 3325 per
2217 3258 2539 3308 Adriaticum
2563 3273 2704 3308 mare

1656 3336 1833 3385 Caesar
1885 3334 2175 3384 Brundusio
2233 3329 2497 3398 profectus
2550 3332 2707 3381 Pom·

1654 3413 1825 3475 peium
1849 3411 2112 3460 insecutus
2134 3409 2223 3468 sit.
2263 3407 2397 3457 Vide
2418 3410 2706 3459 Commeat.

1653 3485 1847 3535 Cesar.
1864 3484 1932 3532 de
1955 3484 2089 3533 Bell.
2108 3483 2266 3533 civil.
2286 3497 2326 3531 ι.
2342 3485 2424 3530 27.
2447 3487 2503 3530 et
2521 3495 2630 3545 seq.
2649 3487 2706 3531 et

1653 3571 1739 3608 ιιι.
1764 3562 1814 3605 2.
1838 3564 1894 3606 et
1915 3571 2025 3621 seq.
2049 3556 2134 3622 ubi
2157 3558 2232 3606 sic
2251 3557 2503 3606 habetur:
2539 3561 2555 3585 ⁸
2577 3558 2706 3606 Dic·

1651 3637 1830 3681 tatura
1872 3646 1928 3681 se
1973 3630 2181 3682 abdicat
2223 3633 2416 3694 Cesar,
2466 3630 2533 3679 ab
2576 3631 2703 3680 urbe

1653 3705 2012 3770 proficiscitur,
2045 3706 2489 3770 Brundusiumqne
2525 3720 2704 3768 perve-

1655 3780 1749 3829 nit.
1814 3782 1890 3830 Eo
1917 3783 2144 3845 legiones
2180 3782 2472 3842 duodecim,
2504 3782 2705 3846 equita·

1654 3862 1762 3904 tum
1788 3870 1986 3906 omnem
2008 3857 2179 3906 venire
2190 3856 2432 3920 jusserat.
2466 3856 2571 3906 Sed
2589 3864 2705 3905 tan-

1654 3937 1762 3981 tum
1782 3934 1983 3983 navium
2006 3934 2216 3997 reperit,
2232 3931 2589 3997 &cn-,gravis
2612 3948 2706 3982 au-

1653 4013 1857 4057 tumnus
1885 4007 1936 4056 in
1960 4007 2172 4074 Apulia,
2205 4009 2501 4075 circumque
2535 4008 2705 4059 Bruu-

1651 4081 1891 4146 dusium‚'
1912 4087 2009 4133 διο.
