3050 4875
1161 346 1205 403 Q
1276 343 1591 392 noRATu
1644 342 1906 392 FnAcci

781 482 952 546 Cum
981 488 1052 545 tu
1082 481 1380 546 coemtos
1409 481 1703 564 undique
1733 480 1992 545 nobiles

782 583 1017 646 Libros
1051 583 1332 661 Panaeti,
1363 583 1773 647 Socraticam
1801 590 1872 646 et
1898 583 2188 658 domum,

868 683 1136 747 Mutare
1168 684 1394 747 loricis
1429 682 1668 756 IberiS,

2532 685 2619 747 15

955 784 1309 849 Pollicitus
1339 784 1633 854 meliora,
1664 781 1920 847 tendis?

444 962 646 1011 Tiberim
665 964 856 1024 regredi
882 977 1031 1025 posse,
1060 965 1243 1025 quando
1265 970 1319 1013 tu
1338 968 1626 1025 comparatos
1645 964 1946 1025 undequaque
1972 962 2182 1011 Panoetii
2202 962 2381 1011 codices
2398 961 2616 1016 eximios,

438 1026 735 1085 etfamiliaris
750 1026 964 1076 Socratis
983 1027 1247 1076 nniversam
1264 1032 1529 1091 pennature
1546 1029 1707 1076 studes
1726 1026 1994 1075 thoracibus
2014 1026 2070 1075 H
2072 1026 2296 1089 ispaaicis
2310 1024 2336 1075 2
2366 1032 2490 1075 certe
2514 1028 2618 1075 laa-

439 1090 671 1139 mitem
687 1091 986 1153 promiseras.

1351 1166 1710 1187 ΟΝΟΟΙΜΟ

443 1263 596 1313 codd.
621 1269 720 1324 est,
736 1278 831 1327 pro
849 1263 1077 1326 genitivo
1095 1263 1285 1326 accipi,
1298 1271 1353 1314 et
1373 1264 1437 1313 ad
1452 1266 1643 1314 Panoeti
1665 1263 1865 1327 referri,
1877 1277 2197 1329 operoseque
2212 1264 2461 1326 ostendit,
2479 1263 2620 1327 qnod

442 1341 593 1377 nemo
616 1327 840 1386 dubitat,
866 1327 1153 1376 Panaetinm
1175 1342 1329 1390 posse
1352 1328 1459 1377 dici
1476 1328 1721 1378 nobilem.
1787 1329 1972 1377 Multae
1987 1327 2106 1377 edd.
2133 1335 2260 1377 vett.
2279 1328 2468 1377 habent
2486 1327 2620 1376 nobi·

441 1391 560 1448 leis,-
593 1391 709 1441 aliae
732 1391 918 1447 nobilis,
939 1399 992 1439 et
1014 1391 1088 1440 sic
1114 1391 1258 1441 Harl.
1281 1396 1331 1441 2.
1355 1395 1406 1441 8.
1472 1393 1628 1441 Multi
1651 1393 1808 1441 etiam
1832 1392 1984 1441 codd.
2020 1392 2072 1440 in
2109 1391 2291 1455 quibus
2328 1391 2473 1439 Harl.
2498 1395 2545 1438 1.
2568 1394 2619 1439 4.

440 1460 491 1503 5.
513 1459 565 1504 6.
581 1454 898 1504 ιιοὺὶιεει-ΙΛ
936 1455 1227 1504 Socraticam
1245 1458 1430 1505 domum
1450 1470 1582 1504 unns
1600 1456 1926 1514 Bersmanui,
1944 1455 2134 1503 venet.
2160 1458 2305 1504 1492.
2330 1461 2384 1503 et
2405 1454 2619 1503 Locber.

440 1523 487 1567 ct
502 1516 795 1567 Socraticam
814 1520 998 1567 domum
1024 1518 1582 1569 Ascens.-l5-Hiberis
1606 1520 1777 1568 Bentl.
1798 1524 1853 1567 et
1872 1519 1945 1568 sic
1968 1518 2195 1568 occurrit
2216 1519 2266 1567 in
2284 1523 2623 1567 monumentt.

440 1581 603 1645 antiq.
620 1582 711 1632 sed
749 1590 960 1644 praestat
995 1582 1165 1643 Iberis,
1199 1583 1397 1632 Graecis
1437 1585 1577 1632 enim
1613 1582 1858 1632 scribitur
1890 1583 2000 1630 sine
2020 1581 2479 1644 aspiratione—1⁶
2513 1581 2621 1630 Pro

443 1646 611 1699 tendis,
638 1646 844 1708 quidam
865 1646 1044 1694 Lamb.
1068 1660 1197 1695 unus
1219 1645 1463 1695 Torreat.
1487 1646 1668 1695 Basill.
1697 1649 1841 1696 152³.
1866 1650 2009 1695 1531.
2043 1647 2231 1694 venet.
2257 1650 2396 1694 1⁵90.
2423 1653 2477 1694 et
2500 1644 2625 1693 Gla-

442 1722 581 1758 rean.
608 1709 859 1772 probante
876 1709 939 1758 P.
965 1709 1165 1759 Victor.
1186 1709 1307 1757 Var.
1332 1711 1477 1762 Lect.
1502 1723 1645 1759 xvn.
1667 1714 1747 1759 13.
1780 1711 1967 1769 temnis,
1986 1709 2124 1773 quod
2144 1709 2434 1772 Porphyrio
2459 1708 2620 1757 iuter-

442 1780 677 1833 pretatur
696 1774 711 1799 ‘
731 1771 926 1834 audes,'
960 1772 1048 1821 alii
1067 1787 1133 1821 ex
1164 1772 1181 1799 ‘
1200 1773 1418 1836 negligis
1438 1773 1452 1793 ’
1483 1788 1639 1836 snpra
1663 1786 1875 1823 xxviii.
1899 1777 1978 1822 ³0.
2012 1774 2292 1822 illustrant.
2327 1772 2473 1820 Harl.
2496 1785 2622 1820 vero

447 1838 492 1883 1.
517 1840 564 1885 2.
587 1841 634 1886 3.
654 1840 705 1887 4.
722 1843 771 1886 5.
794 1841 844 1885 6.
867 1836 1057 1901 aliique
1081 1835 1234 1886 tendis
1247 1853 1267 1895 ‚·
1299 1845 1355 1886 et
1375 1837 1450 1886 sic
1468 1837 1620 1900 plane
1645 1836 1848 1886 Fabric.
1881 1838 1897 1865 ‘
1919 1836 2090 1900 tendis,
2110 1850 2204 1900 pro
2226 1833 2533 1885 contendis.'

1425 1947 1633 1999 NOTAE

511 2045 572 2089 13
609 2043 731 2092 Cam
768 2049 825 2092 tu
865 2044 1081 2104 coiimlos,
1110 2043 1219 2108 Asa]
1271 2045 1399 2094 Cum
1437 2053 1490 2094 tu

444 2125 660 2178 repente
678 2125 903 2167 mutatus
921 2120 1132 2168 deseras
1151 2120 1507 2183 Philosophia.

443 2190 671 2240 studium
694 2193 831 2255 quod
851 2191 1024 2243 fueras
1040 2194 1323 2257 amplexus,
1337 2203 1493 2260 atque

444 2267 598 2329 longe
615 2269 926 2318 contrariam
946 2268 1141 2321 militias
1159 2283 1342 2334 nempe
1358 2269 1491 2319 viam

446 2342 608 2391 ineas.

513 2423 573 2469 1⁴
608 2417 824 2481 Panaca]
847 2419 902 2469 Is
924 2420 1132 2471 natione
1154 2421 1401 2483 Rhodius,
1421 2421 1494 2471 in-

445 2497 630 2545 stituto
680 2496 907 2559 Stoicus,
951 2496 1206 2560 Scipionis
1261 2495 1496 2548 Africani

446 2584 507 2619 ac
557 2569 702 2619 Laelii
745 2577 1039 2633 pmceptor
1083 2570 1201 2621 fuit.
1275 2572 1495 2636 Scripsit

446 2643 606 2692 libros
643 2650 750 2692 tres
781 2643 885 2708 περὶ
914 2646 1003 2693 τοῦ
1032 2644 1344 2709 Καθήκοντος,
1369 2661 1494 2711 quos

446 2717 645 2779 laudat,
681 2718 931 2782 citatque,
970 2727 1124 2782 atque
1155 2727 1238 2769 est
1266 2720 1492 2769 imitatus

448 2792 634 2842 Cicero
655 2793 760 2841 suis
796 2793 887 2843 lib.
914 2793 981 2843 de
1005 2792 1217 2844 Officiis.
1285 2795 1349 2844 Α.
1371 2797 1493 2847 Gel-

446 2869 546 2917 lius
599 2880 726 2917 1111.
762 2872 843 2917 26.
888 2870 1260 2932 ‘Legebaturf
1314 2873 1495 2936 iuquit.

446 2945 462 2972 ‘
480 2943 705 2992 Panaetii
739 2942 1036 3007 Philosophi
1070 2945 1203 2995 liber
1228 2946 1293 2995 de
1312 2945 1494 2997 officiis

447 3018 697 3069 secundus
715 3033 780 3067 ex
799 3019 962 3070 tribus
981 3021 1079 3070 illis
1102 3022 1309 3083 inclytis
1331 3022 1493 3085 libris,

447 3104 573 3155 quos
607 3093 680 3143 M.
717 3093 914 3143 Tullius
950 3109 1136 3159 magno
1175 3110 1292 3146 cum
1328 3098 1497 3147 studio

445 3166 764 3232 maximoque
780 3183 938 3232 opere
952 3172 1220 3221 aemulatus
1233 3173 1347 3222 est.'
1368 3174 1496 3223 Tum

446 3254 514 3291 ex
554 3242 727 3291 multis
771 3243 836 3292 ab
880 3258 942 3293 eo
985 3247 1248 3309 sapienter
1282 3247 1494 3311 scriptis

447 3320 503 3365 et
544 3314 645 3364 ‘ad
688 3316 874 3365 bonam
914 3317 1113 3380 frugem
1153 3320 1497 3384 ducentibus:

446 3404 558 3441 eam
581 3388 735 3440 affert
754 3392 865 3454 ejus
886 3395 1216 3463 seutentiam,
1242 3410 1341 3458 qua
1364 3410 1495 3459 prae·

445 3467 596 3531 cipit,
635 3469 872 3531 exemplo
912 3469 1383 3520 Pancratiastarnm
1430 3470 1497 3519 ad
1535 3492 1538 3495 ·

446 3541 685 3592 vitandos
709 3542 847 3592 ictus
881 3542 933 3590 in
955 3543 1339 3604 certaminibus,
1358 3545 1496 3594 omni

445 3629 504 3666 se
547 3617 746 3667 ratione
798 3619 1262 3680 praemunientium‚
1305 3619 1497 3670 debere

448 3690 545 3741 viri
570 3692 840 3756 prudentis
876 3701 1102 3743 mentem
1143 3695 1388 3745 adversus
1418 3696 1499 3745 in·

437 3766 605 3831 jurias
626 3782 831 3832 semper
852 3783 962 3820 esse
986 3777 1237 3833 paratam.
1251 3779 1496 3833 erectam,

445 3843 673 3903 arduam,
688 3852 906 3907 septam,
923 3846 1156 3908 solidam,
1176 3848 1494 3910 expeditam.

511 3916 800 3967 &cratim
823 3921 1029 3986 domam]
1077 3922 1353 3971 Socratico
1389 3922 1493 3971 dis-

445 3990 651 4053 ciplinae
696 3992 1057 4056 antesignanos
1085 4002 1140 4044 et
1172 3997 1494 4060 coryphaeos,

447 4065 735 4130 Platonem,
807 4069 1218 4134 Xenophontem,
1289 4071 1493 4134 aliaque

447 4138 739 4190 Academiae
764 4142 969 4191 lumina.

1637 2048 1697 2093 15
1733 2045 1919 2094 Lot-icis
1959 2045 2134 2108 Iberis]
2183 2043 2283 2092 Hae
2322 2040 2624 2092 ferebantur

1571 2121 1803 2182 optimae,
1823 2120 1887 2169 ob
1908 2120 2146 2168 eximiam
2164 2117 2290 2167 ferri
2308 2124 2627 2180 temperatu-

1573 2209 1718 2256 ram„
1736 2194 1901 2258 inquit
1920 2194 2158 2242 Torreut.
2197 2201 2252 2241 et
2283 2191 2481 2240 Plinius
2503 2206 2624 2240 auc-

1573 2276 1656 2317 tor
1688 2275 1770 2318 est
1804 2281 2006 2317 xxxiv.
2048 2272 2124 2317 u.
2164 2267 2249 2316 ubi
2297 2267 2369 2315 ita
2406 2266 2621 2315 scribit:

1570 2344 1587 2372 ⁸
1607 2344 1754 2393 Ferri
1776 2343 1988 2393 metalla
2022 2343 2211 2406 ubique
2253 2341 2623 2404 propemodum

1575 2420 1902 2483 reperiuntur
1904 2450 2071 2468 ......
2082 2415 2374 2466 differentia
2391 2414 2515 2465 ferri
2532 2430 2627 2466 nu-

1574 2509 1769 2544 merosa
1775 2525 1927 2545 .....
1945 2492 2206 2543 fornacum
2249 2491 2471 2541 maxima
2473 2526 2623 2542 .....

1578 2578 1959 2619 summaautem
1984 2567 2035 2617 iu
2055 2581 2189 2630 aqna
2210 2576 2310 2628 est,
2334 2567 2415 2616 cni
2451 2566 2627 2617 subin·

1582 2646 1646 2695 de
1670 2644 1898 2695 candens
1932 2644 2269 2705 immergitur.
2338 2643 2471 2691 Haec
2500 2642 2626 2691 alibi

1579 2730 1733 2786 atque
1751 2720 1870 2769 alibi
1890 2718 2065 2767 utilior
2085 2717 2373 2767 nobilitavit
2389 2718 2504 2765 loco
2521 2717 2628 2778 glo·

1581 2797 1658 2845 ria
1679 2794 1826 2856 ferri,
1847 2794 1995 2842 sicuti
2020 2792 2235 2841 Bilbilin
2259 2793 2309 2840 in
2333 2790 2629 2856 Hispani-f

1574 2875 1675 2921 &c.
1730 2870 1875 2919 Idem
1899 2883 1999 2918 vu.
2021 2872 2103 2917 56.
2123 2869 2198 2917 ait
2219 2867 2425 2917 loricam
2449 2868 2626 2916 inven-

1576 2954 1681 2996 tam
1718 2960 1748 2994 a
1781 2944 1951 2993 Midia
1988 2943 2265 2992 Messenio.
2329 2942 2494 2991 Porro
2533 2955 2626 2991 no·

1574 3036 1693 3071 meu
1715 3036 1744 3070 a
1767 3021 1911 3081 loris,
1934 3033 1964 3068 e
1984 3019 2166 3084 quibus
2183 3019 2396 3082 primum
2415 3016 2625 3067 confec·

1577 3104 1650 3158 ta,
1676 3095 1998 3161 postmodum
2027 3095 2180 3157 longe
2211 3094 2312 3143 alia
2336 3102 2507 3143 tamen
2545 3106 2632 3143 re·

1581 3173 1753 3223 tinuit.

1641 3246 1818 3309 Iberis]
1869 3244 2123 3309 Hispania
2163 3258 2229 3294 ex
2271 3244 2527 3296 Strabone
2568 3251 2626 3295 et

1577 3323 1748 3372 Plinio
1770 3323 1916 3371 dicta
1938 3328 2019 3371 est
2048 3320 2224 3369 Iberia
2256 3322 2364 3369 sive
2398 3322 2465 3370 ab
2489 3335 2627 3384 rege,

1575 3399 1684 3448 sive
1718 3411 1749 3446 a
1783 3395 1991 3445 flumine
2015 3395 2181 3444 Ibero.
2252 3394 2369 3444 Hoc
2390 3396 2524 3444 enim
2556 3394 2630 3444 ai*-

1575 3472 1723 3522 fatim
1764 3472 1960 3534 rigatur
1994 3479 2150 3534 atque
2187 3470 2442 3520 scinditur
2485 3471 2627 3533 regio

1574 3545 1984 3596 Tarraconensis.
2052 3545 2277 3595 Scatnrit
2313 3544 2363 3593 in
2398 3544 2629 3596 castella

1578 3619 1761 3680 veteri,
1803 3617 2127 3682 perfusisque
2177 3617 2330 3666 variis
2376 3619 2529 3667 terris
2573 3620 2625 3667 in

1578 3709 1716 3744 mare
1742 3694 2177 3743 Mediterraneum
2201 3693 2473 3743 delabitur.

1642 3774 1704 3819 16
1735 3769 1988 3819 Pollicitus
2008 3769 2222 3832 metiore]
2257 3769 2528 3817 Meliorem
2547 3783 2629 3819 sa·

1578 3858 1642 3892 ne
1663 3843 1729 3893 de
1763 3852 1817 3894 te
1850 3857 1995 3906 spem
2031 3843 2402 3893 concitaveras.
2468 3843 2629 3893 Certe

1572 3921 1774 3980 militia,
1800 3934 1951 3984 quam
1992 3919 2293 3980 assumsisti,
2315 3919 2551 3969 relictum
2594 3930 2629 3969 a

1574 4002 1626 4044 te
1663 3993 1932 4057 sapientie
1971 3992 2195 4044 studium
2240 3992 2400 4042 multo
2441 3993 2627 4043 melina

1572 4077 1671 4117 est.

1639 4139 1834 4203 Tendit]
1866 4140 2087 4193 Quidam
2110 4142 2291 4204 legunt
2310 4143 2499 4193 imnis.
